1078 1728
218.0 49.0 46.0 42.0 22

429.0 35.0 385.0 52.0 COMMENTARII

216.0 87.0 789.0 51.0 rei, cuius gratia aliquid fit. Si finem igitur

217.0 128.0 792.0 61.0 perfectionem accipias, tum finis Legis eſt

218.0 177.0 791.0 58.0 Chriſtus, vt loquitur ad Rom.10.verſu 4.

218.0 225.0 789.0 57.0 Sed eſt finis etiam intermedius, ſic finis Le¬

221.0 275.0 784.0 56.0 gis eſt dilectio proximi. Eſt autem dilectio

218.0 327.0 783.0 57.0 beneuolentia qua proximum amplectimur

219.0 372.0 780.0 60.0 ſtudio Dei, vel noſtri quærentes. Ad hanc

219.0 420.0 782.0 62.0 beneuolentiam refertur tota lex, vt eſt Rom.

220.0 474.0 789.0 56.0 13.verſu 9.10. & 1. Corinth.13. verſu 4.5. Ga¬

218.0 520.0 792.0 63.0 lat.5. verſu 14. Porrò alius poteſt hîc quo¬

220.0 574.0 791.0 54.0 que eſſe ſenſus: nã παραγγελία videtur ſumi

221.0 622.0 787.0 57.0 pro mandato Apoſtolico, hoc eſt, interpre¬

219.0 671.0 785.0 58.0 tandi formula, rectè interpretandi Legem,

220.0 720.0 784.0 57.0 quam poteſtatem dedit Timotheo, vt man¬

220.0 768.0 784.0 55.0 daret quibuſdam ne aliam doctrinam doce¬

218.0 816.0 784.0 63.0 rent. Itaque libẽter hîc non pro Lege, quod

219.0 867.0 779.0 56.0 tamen omnes faciunt, ſed pro illo mandato

220.0 915.0 780.0 61.0 Apoſtoli acciperem, vt hic eſſet ſenſus, Fi¬

218.0 967.0 786.0 53.0 nis autem mãdati veri de recta Legis inter¬

220.0 1014.0 784.0 54.0 pretatione, ac ſinceritate doctrinæ eſt dile¬

219.0 1063.0 788.0 56.0 ctio: huc enim omnis doctrina referenda

219.0 1111.0 791.0 57.0 eſt, vt proſit proximo. Ideo dilectionis gra¬

218.0 1162.0 790.0 58.0 dus ſeu cauſas primarias explicat, quæ ſunt

218.0 1208.0 790.0 59.0 cordis puritas. Dicitur cor cogitationum

217.0 1255.0 790.0 64.0 & ſenſuum fons, is igitur fons purus eſſe

217.0 1308.0 786.0 59.0 debet-vt puram hinc aquam proximus

215.0 1356.0 788.0 60.0 haurire poſſit : purum dicitur cor minimè

214.0 1401.0 790.0 74.0 fucatum, dolo carens, candidè & ingenuè

219.0 1455.0 121.0 67.0 agens.

851.0 1495.0 159.0 70.0 Deinde
