1074 1756
218.0 31.0 50.0 43.0 26

399.0 25.0 445.0 54.0 COMMENTARII

211.0 85.0 795.0 56.0 reſiſtunt, quales videntur fuiſſe iſti Nomo¬

213.0 128.0 795.0 63.0 didaſcali, & bona pars Phariſæorum apud Iu

212.0 182.0 795.0 57.0 dæos. In aliis verò erat ex zelo Legis & glo¬

211.0 234.0 797.0 56.0 riæ Dei, qui in his putabant violari gloriam

211.0 283.0 796.0 55.0 & voluntatem Domini, de quorum numero

210.0 329.0 628.0 59.0 etiam fuit Paulus, vt mox ſequetur.

269.0 380.0 731.0 62.0 8 Scimus autem Legem eſſe bonam, &c.

316.0 433.0 686.0 59.0 Alterum membrum de vero Legis v¬

204.0 481.0 802.0 61.0 ſu ſubiicitur ſuperioribus per præoccupatio¬

205.0 532.0 805.0 57.0 nem. Nam Legis doctores ſtatim excipiebãt

204.0 581.0 806.0 58.0 ſuperiora, Paulum damnare Legem, adeó¬

205.0 630.0 804.0 60.0 que totam abolere. Reſpondet igitur huic ca¬

204.0 678.0 804.0 59.0 lumniæ hoc loco, ſe id non facere, ſed verum

206.0 733.0 802.0 57.0 vſum, & veram interpretationem require¬

204.0 783.0 798.0 54.0 re: munit autem occupationem conceſsione,

202.0 825.0 799.0 63.0 quòd ſcilicet Lex ſit bona. Hoc dixit ſe ſcire,

205.0 876.0 793.0 63.0 q.d.in hac re ſe non opus habere doctore, ſci¬

200.0 927.0 800.0 60.0 re id poterat ex inſtitutione, qua ad pedes

203.0 973.0 799.0 61.0 Gamalielis erat in Phariſaiſmo probè inſti¬

201.0 1024.0 803.0 57.0 tutus. Deinde bonam ſciebat, quia à Deo au¬

201.0 1073.0 805.0 59.0 tore latam ſciebat: non poteſt autem à Deo

198.0 1120.0 805.0 59.0 aliquid mali hominibus dari. Præterea vſum

201.0 1170.0 804.0 60.0 verũ & finẽ Legis nouit, quẽ aduerſarii igno¬

198.0 1217.0 805.0 62.0 rabant, ideo totũ hoc quõd Lex bona ſit, mul

197.0 1267.0 803.0 59.0 tò melius nouit ipſis aduerſariis. Deinde con¬

197.0 1316.0 798.0 62.0 ceſsionẽ munit correctione, nõ enim abſolutè

195.0 1365.0 791.0 63.0 concedit bonã, ſed cum conditione, S1 QVIS

196.0 1418.0 794.0 57.0 ILLA LEGITIME VTATVR, h.e. vſu bona eſt,

192.0 1461.0 809.0 78.0 ſic abuſu mala redditur: ideo ad vſum referẽ¬

846.0 1513.0 156.0 74.0 da ſunt
