1064 1743
152 50 618 51 IN I. EPIST. AD TIMOTH.

829 46 48 58 107

86.0 100.0 800.0 61.0 theo videmus: primùm enim ſanam doctri¬

88 150 794 60 nam illi tribuit iam prius, nunc addit viræ

93.0 204.0 788.0 57.0 grauitatem, & morum innocentiam, quo

92.0 247.0 789.0 60.0 comparabit ſibi etiam iuuenis authoritatem,

98 293 714 59 & facultatem conſolandi & exhortandi.

127.0 348.0 753.0 56.0 Sed ordine videamus quas dotes iuuenis

90.0 396.0 791.0 59.0 miniſter ſequi debeat, vt doctrinæ ſuæ au¬

95.0 446.0 787.0 60.0 thoritatem faciat apud auditores. Primùm,

103.0 497.0 776.0 56.0 TYPVS, ait, SIS FIDELIVM IN SERMONE: ty¬

95.0 541.0 788.0 66.0 pum eſſe vult, hoc eſt, exemplar gregis, quod

94.0 593.0 787.0 58.0 tutò poſsint imitari auditores. Idem præci¬

96.0 641.0 785.0 62.0 pitinfrà Tito cap.2.verſ.7. nam idiotæ plus

98.0 696.0 784.0 54.0 docentur exemplo quàm oratione, adeo vt

100.0 741.0 780.0 58.0 quibene docet, malè autem viuat, plus de¬

93.0 789.0 787.0 61.0 ſtruat quàm ædificet: ſic Chriſtus exemplar

90.0 837.0 790.0 63.0 fuit, & dedit nobis humilitatis typum, Ioan.

87 886 536 62 13.tales Apoſtoli & Prophetæ.

121.0 933.0 755.0 65.0 Deinde, quos debeat reſpicere, pios ſcili¬

87.0 986.0 790.0 59.0 cet, hi enim ſunt quos non licet offendere.

88.0 1036.0 789.0 60.0 Impii ſemper habebunt quod carpant, quẽ

88.0 1086.0 791.0 60.0 madmodum momus, ideo illorum offenſa

90.0 1133.0 790.0 60.0 non curanda eſt, nec indignè feret ſi his non

94.0 1184.0 782.0 63.0 ad omnia ſatisfecerit: ſed piorum ſemper

99.0 1249.0 543.0 43.0 habenda eſt grauiſsima ratio.

139.0 1283.0 739.0 60.0 Tertiò, ſequitur virtutum catalogus, in

88.0 1331.0 788.0 61.0 quibus tanquam in lucidiſsimo ſpeculo con¬

90.0 1389.0 572.0 51.0 templanda eſt vita & doctrina.

141.0 1430.0 737.0 58.0 Primùm, in ſermone debet miniſter præ¬

89.0 1475.0 787.0 80.0 lucere dotibus omnibus, quæ in aliis me¬
