1072 1743
137 52 654 49 IN I. EPSIT. AD TIMOTH.

839 74 42 34 133

64 104 821 55 depromptũ, alterũ ex nouo. Moſis enim eſt

67.0 145.0 817.0 64.0 ſentẽtia, Boui triturãti nõ obligabis os, de qua

71 196 812 63 diximus, Cor.9.ver.9. Vnde hoc ſequitur. Si

70.0 243.0 811.0 63.0 boui benignè exhibẽdus eſt victus propter la¬

68.0 294.0 814.0 61.0 borẽ, quanto magis homini docẽti vigilãter &

66.0 340.0 816.0 64.0 vtiliter? Chriſti verò eſt ſentẽtia, Dignus eſt

66.0 392.0 807.0 61.0 operarius mercede ſua, Matt.10.ver.10.Luc.

72.0 441.0 809.0 61.0 10.ver.7. In quib. ſentẽtiis obſeruemus opor¬

70.0 490.0 812.0 61.0 tere eſſe nõ pigros boues, aut otioſos homines

65.0 536.0 816.0 65.0 in foro, ſiquidem nobis velimus applicare id

69.0 586.0 808.0 63.0 quod Apoſtolus hîc docet. Deinde Scripturæ

68.0 636.0 810.0 61.0 nomine, iam tunc cõprehenſas fuiſſe Domini

85 685 721 61 Cheiſt; ſen tentias de religionis cura, &c.

130 732 567 79 19 Aduerſus presbyterum, &c

146.0 793.0 727.0 66.0 Quartus locus, de iudicio cõtra peccan¬

67 850 812 61 tes, videtur hîc locus pertinere ad primũ de

65.0 899.0 812.0 55.0 moderatione adhibenda in corripiendis pec¬

66.0 947.0 813.0 57.0 catorib. cuiuſuis ætatis & ſexus homines: niſi

66.0 996.0 811.0 62.0 quòd hîc magis tractat forenſem inquiſitio¬

63.0 1050.0 815.0 56.0 nem in peccata: illic vero in genere obiurga¬

65.0 1097.0 806.0 59.0 tionisformã quæ leuis & prudenter accom¬

67.0 1161.0 712.0 41.0 modata eſſe debet perſonis auditorum.

112.0 1190.0 765.0 63.0 Propoſitio huius loci eſt, Epiſcopo danda

73.0 1238.0 803.0 74.0 eſt opera vt iudicia Eccleſiaſtica quàm ſan¬

66.0 1304.0 449.0 49.0 ctiſsimè adminiſtrentur.

104.0 1323.0 773.0 73.0 Partes à diuiſione inſtituit. Nam peccatũ

54.0 1389.0 822.0 58.0 aut latet, & ob id conuincendum eſt teſtibus:

52.0 1440.0 823.0 58.0 aut notorium eſt, nec habẽt opus peccator te¬

52.0 1487.0 822.0 75.0 ſtibus, quia cõſtat de peccato, aut etiã fatetur:

621 1541 23 49 I

675 1545 17 64 3
