1081 1773
221 67 57 55 64

393 60 454 58 COMMENTARII

216 119 800 59 miniſter non enim requirit ἄγαμον, ſed con¬

224 162 479 65 tentum ſua legitima vxore. .

256 215 759 60 Conſtat igitur vxoratum poſſe miniſtrum

214 262 800 62 eſſe bonum, ſed quærunt de vna vxore: alii

217 312 796 61 vna defuncta nõ concedunt ſecundã, ſed quia

213 363 793 55 mors tollit vinculum matrimonii, deſinit e¬

214 412 793 54 nim per mortem eſſe vxor : manifeſtum eſt

217 463 793 55 vnam dici vxorem, quæ vno tempore vna

212 509 801 61 ſemper eſt, ne plures ſimul & eodem tempo¬

213 562 800 57 re legitimæ aut illegitimæ habeantur. Qui

214 610 797 57 de vna Eccleſia vnius epiſcopi interpretan¬

212 658 804 58 tur, nihil dicunt ad præſentem locum ido¬

212 712 803 57 neum, eóque nomine magis ineptiunt, quòd

213 758 801 61 vnus epiſcopus plura ſemper inuadit benefi¬

211 806 776 62 cia, vt ne ſic præcepto Apoſtoli ſatisfaciant.

270 858 735 57 Tertiò, νηφάλαιον OPORTET ESSE,

211 906 797 62 hoc eſt, ſobrium, quæ eſt nõ tam virtus quàm

215 959 791 63 virtutis proprietas: reprimitur hac proprie¬

211 1010 353 55 tate nimius potus.

258 1056 750 60 Quartò, σώφρονα, temperantem, moderatio

209 1103 798 61 eſt cibi & potus, adeóque omnium cupidita¬

208 1151 799 64 tum: temperans facilius acquieſcit pietati.

209 1200 795 60 Hinc σωφροσύνην dicitur εὐσεβείας γείτων, con¬

207 1248 794 65 ſeruatrix quoque rationis eſt, vt miniſtro im¬

208 1297 367 65 primis ſit neceſſaria.

244 1348 748 66 Quintò, κόσμιος dicitur condecens habitus,

205 1399 788 61 qui profeſsionem ornat, ne militaris ſit veſti¬

204 1446 795 64 tus, vel ad iuſtitiæ ſtudium referatur vt reſ¬

208 1496 790 72 pondeat ἐγκρατῇ, ad Tit.1. ſed malo de ornatu

934 1553 69 66 ſui
