1010 1771
406 72 441 51 COMMENTARII

233 73 51 50 160

223 122 759 54 Enumerat hîc ſex ordine virtutes. 1. IVSTI

225 165 761 61 TIAM, quæ vinculum eſt humanæ ſocietatis,

222 214 765 63 ac imprimis auertitur ab auaris, qui iuſti &

220 264 762 63 æqui nullam rationem habent. 2. PIETA¬

226 311 753 62 TEM, εὐσέβειαν, quæ eſt verus Dei cultus,

221 360 754 63 quo Deus vt vult adoratur & colitur, éſtque

221 408 748 66 iuſtitia quædam in Deũ. Ideo ab auaris quo¬

220 459 760 64 que violatur, & ab idololatria, ſuperſtitione,

219 509 762 63 impietate, &c. 3. Tertia virtus eſt, FIDES,

217 558 765 63 hoc eſt, totius profeſsionis Chriſtianæ cura

217 608 761 62 & aſsiduum ſtudium. 4. Quarta, DILE¬

219 658 759 61 CTIO PROXIMI : fidei fructus eſt, quo pro¬

215 707 770 61 ximum amplectimur Dei & veritatis amore,

215 756 771 60 nihil noſtri quærentes, ad externa concernit.

219 806 763 60 5.Quinta eſt, TOLERANTIA, quæ eſt for

214 854 768 63 titudinis ſpecies, aduerſa quæuis Chriſti no¬

212 910 772 56 mine æquo tolerans animo, etiam cum vitæ

215 953 771 65 periculo. Inde Græcis dicta eſt ὑπομονή, quòd

212 1004 775 65 perduret reb. aduerſis, h.e. minimè frangatur.

214 1054 771 60 6. Sexta virtus eſt, MANSVETVDO, quæ

211 1102 774 58 eſt lenitas in ferendis & corrigendis fratrum

202 1150 784 60 infirmitatibus. Hæ virtutes perſequendæ

203 1197 782 63 ſunt. Ex quo diſcimus eas ad officium renati

206 1249 776 61 hominis pertinere, imprimis verò ad mini¬

203 1293 775 67 ſtros: vnde falſum eſt dogma vulgi, nihil re¬

203 1346 770 67 ferre quomodo viuamus, modo rectè cre¬

203 1391 138 62 damus.

214 1443 764 66 Ratio eſt, quia vt credimus, ſic viuimus, &

204 1495 776 77 vt viuitur, ſic creditur. Deinde admonemur

919.0 1545.0 63.0 64.0 has
