1095 1736
204.0 63.0 49.0 46.0 40

391.0 53.0 463.0 45.0 COMMENTARII

203.0 101.0 809.0 61.0 periculum, in prima debent ſtare acie, contra

200.0 152.0 812.0 62.0 hæreſes, contra peccatum, in perſecutioni¬

202.0 201.0 808.0 60.0 bus, aliíſque Eccleſiæ ærumnis. Quæ mili¬

204.0 250.0 807.0 65.0 tia eis pulchra erit, hoc eſt, ſpecioſa ac ſplen¬

204.0 299.0 796.0 55.0 dida ſi vicerint, pulchra eſt ante victoriam.

204.0 345.0 798.0 66.0 hoc eſt, ardua & difficilis, vt dici ſolet, diffici¬

211.0 396.0 301.0 62.0 lia quæ pulchra.

275.0 451.0 572.0 62.0 19 Habens fidem & bonam &c.

325.0 501.0 687.0 57.0 Vt pulchra poſsit eſſe Timothei mili¬

207.0 550.0 813.0 59.0 tia circunſcribit illius quaſi limites, q.d. duo

204.0 601.0 817.0 60.0 imprimis ſpectabis in officio tuo, fidem ſcili¬

206.0 652.0 813.0 54.0 cet & bonam conſcientiam, quibus ſeruatis

210.0 701.0 810.0 58.0 glorioſa erit tua militia, vt eiſdem amiſsis fœ

208.0 750.0 810.0 59.0 da & turpis ſequetur fuga. Et faciunt hæc

206.0 801.0 810.0 58.0 eadem ad argumenta: ſunt enim iſta præſi¬

207.0 851.0 808.0 59.0 dia maxima quibus nititur in exequendo ſuo

205.0 922.0 154.0 37.0 officio.

257.0 943.0 758.0 66.0 Quarta igitur ratio eſt. Quia habes fidem,

206.0 997.0 818.0 57.0 hoc eſt, rationem ſanæ doctrinæ, quam hîc

206.0 1046.0 820.0 59.0 omnino per fidem accipere conuenit, quaſi

204.0 1094.0 821.0 58.0 dicat, nota eſt tibi formula ſanæ doctrinæ, er¬

209.0 1143.0 816.0 59.0 go illam vigilanter retine in tua Eccleſia, fa¬

204.0 1194.0 821.0 56.0 ciliùs autem conſeruatur ſi nota ſit ſana do¬

205.0 1242.0 820.0 59.0 ctrina: nota autem ei erat ex Apoſtoli inſti¬

204.0 1292.0 816.0 60.0 tutione: notam habes, ergo facilè defendes

202.0 1350.0 318.0 51.0 ſi fueris vigilans.

257.0 1388.0 760.0 61.0 Quintò, ET BONAM CONSCIEN¬

211.0 1437.0 804.0 59.0 TIAM. Præſidium alterum eſt ad victoriã,

203.0 1486.0 820.0 77.0 & meta rectè agendi in hac militia. Bona

917.0 1545.0 106.0 61.0 con¬
