1049 1748
134 48 598 65 IN I. EPIST. AD TIMOTH.

796 34 60 85 169

70 105 787 63 vſurari, libidinari, ſcortari, & ſimilia. Tertia

73 153 780 64 virtus eſt abundare bonis operibus, hoc eſt,

74 204 777 62 beneficum eſſe in multos. Quarta εὐμεταδό¬

80 252 773 62 τους εἶναι, ad erogandum faciles, opponitur illo¬

74 302 775 62 rum moroſitati, quia rogari volunt, & diu,

71 349 777 61 nec tandem etiam faciles ſunt, ſed triſtes &

71 399 777 63 tetrici.2.Cor.9. Hilarem datorẽ amat Deus.

68 449 779 60 Rom.12. Qui cõmunicat, in hilaritate faciat.

74 497 775 62 Quinta eſt κοινωνικους εἶναι, hoc eſt, in omnibus

68 547 780 64 faciles etiam vt non rogati dent: quaſi ſua

67 600 779 58 communia faciant omnibus communicatiui,

65 644 780 65 quæ boni eſt natura, vt ſe aliis libenter com¬

68 696 500 64 municet ad conſeruationem.

112 747 556 62 19 Recondentes ſibi ipſis, &c.

100 795 751 62 Addit argumentum quo ad liberalitatem

62 846 787 60 incitat, à ſpe magni præmii ſumptum. Opũ

63 892 787 61 vſus verus eſt qui in futurum prodeſt, hoc eſt,

61 941 788 64 ad vitam æternam gradum ſtruit: ergo, ad

61 993 784 57 hunc vſum opes ſunt impendendæ. Compa¬

61 1039 787 62 ratur illa per ſe Chriſti ſolius merito. Interim

62 1090 785 63 ſcriptura liberalitati idem tribuit vt excitet

65 1141 781 61 ad beneficentiam. Deus per ſe dat gratis, ta¬

66 1190 782 61 men noſtra benefacta ornat hac laude quaſi

74 1233 769 70 illorum reſpectu det.Vide Matt.6.Luc.12.

118 1297 354 56 20 O Timothee, &c.

127 1341 722 62 Epilogus ſequitur continens principalẽ

57 1392 789 58 Propoſitionem repetitam. Apoſtrophe pa¬

55 1440 791 57 thos habet. Depoſitum vocat officium Ec¬

56 1486 788 77 cleſiaſticũ quod debet ſeruare, hoc eſt, quàm
