1014 1759
231 74 50 43 158

405 70 429 51 COMMENTARII

228 116 753 59 verbum ſit poſsibile: poteſt igitur auaros ſer¬

224.0 163.0 758.0 62.0 uare, vt Zachæum fortè & Matthæum: Pu¬

221.0 211.0 759.0 63.0 blicanos enim auaros fuiſſe probabile eſt. Ve¬

220.0 261.0 761.0 61.0 rùm exempla talia admodũ rara ſunt, & mali

218.0 313.0 758.0 67.0 metus maior quàm vt vitium hoc veniam

220.0 367.0 197.0 52.0 mereatur.

266.0 409.0 703.0 62.0 Alterum effectum eſt, quòd non ſolùm fi¬

219.0 459.0 757.0 59.0 dem euertat, ſed doloribus multis conficiat

216.0 510.0 759.0 57.0 homines: mala enim conſcientia eos vrget,

215.0 557.0 756.0 63.0 inſomnes ducunt noctes, cibũ & potum nun¬

216.0 607.0 758.0 63.0 quam quietè ſumunt, ſurſum ac deorſum

213.0 657.0 764.0 61.0 curſitant, animum curis, corpus laboribus

212.0 706.0 762.0 64.0 conficiunt. Quod emphaticè Apoſtolus ex¬

215.0 757.0 763.0 61.0 preſsit περιέτειραν, quot enim ſunt cogitatio¬

210.0 807.0 764.0 59.0 nes & conatus, tot ſunt tela & aculei in ani¬

223 858 752 66 mo auari, quibus vulneratur & transfoditur.

264 914 488 57 11 Tu verò homo Dei, &c.

320.0 960.0 657.0 65.0 Quintus locus huius capitis, in quo

209.0 1011.0 767.0 60.0 grauiter hortatur Timotheum ad officium

203.0 1060.0 773.0 59.0 in Eccleſia quàm vigilantiſsimè præſtandũ.

207.0 1112.0 769.0 54.0 Conuertit orationem iterum ad perſonam

206.0 1155.0 768.0 61.0 Timothei, vt fit in tranſitionibus, ac comple¬

198.0 1202.0 776.0 63.0 ctitur duas diuerſas propoſitiones: vnam fu¬

201.0 1252.0 773.0 65.0 giendorum, alteram ſequendorum, quas ſic

195.0 1301.0 774.0 65.0 complectamur: Timotheo & omni pio mini¬

194.0 1351.0 767.0 64.0 ſtro eſt curandum vt quiquid vel in dogma¬

194.0 1400.0 765.0 63.0 tibus fidei ſanam lædit doctrinã, vel in mori¬

192.0 1449.0 773.0 64.0 bus vitæ innocẽtiam euertit, omnibus modis

195.0 1500.0 772.0 75.0 vitetur. Contrà virtutes quæ vel in docente

850.0 1558.0 114.0 70.0 requi¬
