1071 1741
117 63 657 51 IN I. EPIST. AD TIMOTH.

830 47 53 66 101

61 119 821 56 ſol pii recte Deum colentes ſperare poterãt

65.0 164.0 815.0 51.0 illa bona externa, quæ terræ Canaan nomine

67.0 210.0 813.0 59.0 erant comprehenſa, vt fertilitas, vbertas, ſa¬

67 258 811 60 nitas, victoria contra hoſtes, & ſimilia: & con¬

64.0 307.0 815.0 60.0 trà ab his exciderunt quoties veram rationẽ

60.0 359.0 818.0 54.0 colendi Deum amiſerunt, & cultum hominũ

63.0 409.0 815.0 58.0 iudicio excogitatũ receperunt in mores. Por¬

68.0 455.0 809.0 61.0 rò ſub his typis rerum externarum cæleſtia

69.0 505.0 808.0 59.0 quoque illis erant promiſſa: vt habet promiſ¬

67.0 555.0 807.0 59.0 ſio de regno Meſsiæ in æternũ duraturo. Sic

67.0 605.0 807.0 58.0 in nouo Teſtamento in hac vita auxiliũ præ¬

70.0 655.0 806.0 60.0 ſens piis promittit Chriſtus, Non relinquam

73.0 704.0 803.0 62.0 vos orphanos, Ioan.14. & Matth.6. Quærite

71.0 754.0 803.0 60.0 primùm regnum cælorum, & reliqua omnia

66.0 800.0 807.0 59.0 adiicientur vobis: ex quibus efficitur veris

63.0 851.0 812.0 55.0 Dei cultoribus propriè ſeruire promiſsiones

62.0 901.0 810.0 55.0 etiam corporales, de vita æterna, nemo ambi¬

67.0 949.0 805.0 61.0 gere poteſt, quin eius promiſsio ad ſolos εὐσε¬

59.0 997.0 811.0 64.0 βεῖς ſpectet. Rectè igitur & verè dixit Apo¬

60.0 1049.0 809.0 58.0 ſtolus, quòd pietas huius & futuræ vitæ ha¬

59.0 1097.0 811.0 58.0 beat promiſsionem, & ob id ad omnia ſit vti¬

63.0 1145.0 807.0 65.0 lis, & hinc etiam quòd ſola ſit ſequenda in di¬

66.0 1196.0 324.0 63.0 ſciplina corporis.

109 1266 405 44 9 Fidelis ſermo, &c.

162 1300 706 61 Ἐκφώνησις eſt, qua ſententiam etiam cõ¬

48 1352 823 58 firmat, ac reuocat nos iterum ad ὁμολογούμενα

49 1399 819 59 Chriſtiana, & αὐτόπιςτα, hoc eſt, quæ per ſe &

47 1445 819 59 ſine demonſtratione debebant valere in Ec¬

47 1492 812 96 cleſia Chriſti: qualia ſuprà quoque recenſuit

606 1545 33 79 G

658 1553 22 84 3
