1072 1742
225 88 24 45 52

384 74 465 57 COMMENTARII

220.0 129.0 799.0 60.0 ſimul ac mulieribus, hoc eſt, à toto cœtu con¬

220.0 180.0 801.0 58.0 ſentienter orandũ eſt pro omnibus homini¬

221.0 229.0 798.0 57.0 bus. Ac hac diuiſione ſexus includit omnes

223.0 278.0 794.0 61.0 fideles omnium etiam ætatum, vt ſit ſenſus,

226.0 327.0 784.0 60.0 vt pro omnibus orandum ſit, ab omnibus fa¬

224.0 376.0 786.0 59.0 ciendum eſt : neminem excludit Deus in o¬

224.0 423.0 790.0 61.0 rando. Omnium pater eſt & Deus: omnibus

230 473 568 67 igitur liberum conceſsit aditum.

273.0 521.0 751.0 57.0 Sexta orationis circunſtantia eſt de loco

226.0 570.0 802.0 63.0 idoneo adorandum. Ex diſciplina Moſis ac

228.0 623.0 799.0 62.0 Prophetarum vnus certus erat cultui diuino

228.0 675.0 797.0 58.0 deputatus locus, quem poſtea confirmauit,

227.0 722.0 795.0 57.0 templi Hieroſolymis conſtructi maieſtas,

226.0 771.0 796.0 55.0 adeò vt ſolùm illic Deum adorare liceret,

230.0 822.0 789.0 61.0 quò qui peruenire non poſſent, ſaltem ver¬

228.0 870.0 791.0 59.0 ſus Hieroſolymam conuerſi orarent, quod

231.0 921.0 789.0 57.0 adhuc Iudæi hodie ſeruant. Hinc Ioannis

232.0 972.0 793.0 54.0 capite 4. Quærit mulier illa de loco oratio¬

231.0 1021.0 797.0 57.0 nis, Iudæi dicunt oportere Hieroſolymis

232.0 1074.0 797.0 50.0 adorare, patres autem in monte Samariæ

232.0 1118.0 797.0 57.0 adoraſſe: id diſcrimen valuit vſque ad natũ

234.0 1167.0 794.0 55.0 Chriſtum.2. Nodum hunc ſoluit ipſe Meſ¬

231.0 1219.0 797.0 59.0 ſias, Ioannis quarto verſu viceſimo primo:

230.0 1264.0 796.0 57.0 deinceps ſublatum eſt, & hîc etiam teſta¬

230.0 1316.0 795.0 57.0 tur Apoſtolus in omni loco pium eſt Deum

230.0 1367.0 794.0 62.0 inuocare: locus enim nec addit, nec adimit

233.0 1421.0 143.0 55.0 pietati.

277.0 1451.0 757.0 73.0 Septima, Quomodo orandum ſit, qui mo¬

231.0 1512.0 806.0 79.0 dus propriè ad pietatem pertinet. Huc re¬

945.0 1560.0 97.0 70.0 fero
