1080 1748
135 67 636 53 IN I. EPIST. AD TIMOTH.

819 46 43 77 131

49 115 810 59 èquæ hîc & ſuprà verſu tertio dicitur ὄντως

56.0 163.0 805.0 59.0 χήρα, hoc eſt, re & nomine vidua: hæc alenda

55.0 212.0 806.0 58.0 eſt, prior non: ratio eſt, ne greuetur Eccleſia:

56.0 261.0 803.0 61.0 gitur iuuenculam de publico alere, vel quæ

53.0 308.0 803.0 63.0 habeat ſuos per quos alenda ſit, illud eſt gra¬

52 361 325 59 uare Eccleſiam.

102.0 405.0 506.0 70.0 17 Qui bene præſunt, &c.

131.0 460.0 728.0 62.0 Tertius eſt locus capitis de miniſtris re¬

54.0 510.0 807.0 63.0 ctè alendis ex publico. Propoſitio eſt, Curan¬

53.0 561.0 807.0 63.0 dum eſt Epiſcopo vt miniſtris Eccleſiæ be¬

52.0 610.0 809.0 62.0 nignè victus & amictus ſubminiſtretur. Preſ¬

56.0 659.0 799.0 65.0 byteri nomen generale eſt, complectens ſe¬

72 713 586 56 mores Eccleſiæ, qui duplices ſunt.

81.0 757.0 774.0 61.0 Alii cũ miniſtris ſolùm diſciplinæ præ ſunt.

55.0 807.0 805.0 64.0 & mores regũt: alii præter illud eriã docẽt, &

51.0 857.0 809.0 58.0 Sacramenta adminiſtrãt, & fieri poteſt, vt hi

54.0 906.0 804.0 62.0 poſteriores re ipſa iuuenes ſint, officio ſenes,

51.0 954.0 813.0 65.0 qualis erat Timot. inter presbyteros iuuenis,

50.0 1007.0 811.0 57.0 HI DVPLICI HONORE DIGNI SVNT,h.e. sũt

47.0 1056.0 815.0 62.0 benigne alendi:fed meminerint hoc pertine¬

49.0 1109.0 816.0 59.0 re ad eos ſolùm qui benè præſunt,h.e. qui of¬

51.0 1157.0 806.0 59.0 ficium ſuum ſeriò præſtãt: id faciant ſinguli,

68 1201 635 67 hine quærant de honore duplicato.

88.0 1251.0 778.0 66.0 Sunt qui duplicẽ honorẽ intelligant de ſti¬

56.0 1304.0 811.0 63.0 pendio geminato: primum fit ſtipẽdium pro

44.0 1351.0 824.0 64.0 ſe & familia: alterum pro peregrinis, vt poſsit

44.0 1451.0 825.0 66.0 quia ſuprà dicebat Epiſcopum vnius vxoris,

42.0 1402.0 836.0 64.0 eſſe hoſpitalis: quod tamen mihi non placet,

45.0 1500.0 824.0 71.0 hoc eſt, vnius Hecleſiæ debere eſſe maritum,

621.0 1552.0 74.0 65.0 I 2
