1098 1743
184 53 611 55 IN L. EPIST. AD TIMOTH.

871 49 30 49 75

99 100 807 64 cleſiis paſsim obſeruatũ, vt miniſtris adeſsẽt

104 150 800 64 diaconi quidam de ſenioribus ſelecti, quibus

100 199 804 65 committebatur ærarium Eccleſiæ: hi paupe¬

99 252 803 59 rum, peregrinorum, viduarum, pupillorum,

98 297 803 66 ægrotorum habebant curam, diſtribuebánt¬

99 346 805 62 que illis pro ratione facultatum & conſilio

96 393 806 66 ſeniorum. Hinc Ambroſius cenſet in quali¬

99 446 802 64 bet ciuitate debere eſſe epiſcopum vnum,

105 492 798 67 duos diaconos primi generis, qui ſimul do

109 543 792 64 ceant interdum & ſeptem ſecundi ordinis,

106 592 799 65 qui Eccleſiæ bona procurent. Nos miniſtros

115 642 789 64 habemus, & primi generis diaconos quoque

117 690 787 63 duos, ſecundi autem generis nullos, quia illa

118 737 782 72 pars ciuilis facta eſt, & à politico adminiſtra¬

126 790 281 69 tur magiſtratu.

161 848 641 59 13 Qui enim bene miniſtrant, &c

171 889 730 67 Inuitat ſpe præmiorum ad diligentiam.

105 943 798 58 Ac refero in genere ad totum miniſterium:

105 989 796 63 debet enim hæc ratio valere apud epiſcopũ,

103 1038 802 62 diaconum, eleemoſynarium, ac ſi qui alii ſunt

110 1086 794 65 gradus in Eccleſiaſtica adminiſtratione. GRA

110 1138 791 62 DVM SIBI AC QVIRVNT BONVM, non acci¬

110 1184 795 66 pio de diacono, quaſi ſpe epiſcopatus debeat

104 1232 800 64 diligens eſſe: ſed gradum bonum apud Deũ,

103 1282 800 63 qui ſolet aſsiduis & vigilanter officio ſuo in¬

103 1331 800 63 tentis augere ſua dona, ſecundum illud, Ser¬

102 1381 803 71 ue bone fuiſti in modico fidelis, conſtituam

104 1437 324 62 te ſuper maiora.

165 1473 740 93 Item habenti dabitur, & ab co qui non
