1082 1740
160.0 46.0 649.0 56.0 IN I. EPIST. AD TIMOTH.

860.0 42.0 25.0 65.0 9

82.0 98.0 808.0 62.0 quas demum ſolent inferre animi cõceptio¬

79.0 149.0 127.0 56.0 nem.

135.0 192.0 753.0 60.0 Tribus partibus conſtat hæc ſalutatio, vt

80.0 244.0 810.0 58.0 etiam in ſuperioribus epiſtolis. Primùm de

82.0 291.0 808.0 60.0 ſe loquitur. Deinde, Timotheum ornat debi

82.0 342.0 805.0 60.0 ta ſua laude. Tertiò, comprecatur eidem Do¬

85.0 392.0 804.0 53.0 mini dona, ſine quibus, munus iniunctum fe¬

93.0 443.0 795.0 57.0 liciter non poterat exequi. Primum ad per¬

97.0 491.0 791.0 60.0 ſonam ſcribentis, alterum ad perſonam cui

101.0 542.0 784.0 64.0 ſcribitur, tertium ad comprecationem per¬

107.0 585.0 74.0 61.0 tinet.

153.0 636.0 732.0 70.0 Verſ.1. Paulus Apoſtolus Ieſu Chriſti ſe¬

101.0 696.0 782.0 67.0 cundum mandatum Dei ſaluatoris noſtri,

110.0 751.0 619.0 69.0 & Domini Ieſu Chriſti ſpei noſtræ.

137.0 808.0 748.0 62.0 De ſe primùm loquitur pro more epiſto¬

94.0 857.0 793.0 58.0 lari, ſecundum quem nomen ſcribentis pri¬

93.0 906.0 793.0 59.0 mò exprimendum erat, ídque adeò conſtan¬

100.0 959.0 787.0 55.0 ter ſeruatum eſt, vt infimi quoque maximis

108.0 1005.0 780.0 60.0 Regibus & Imperatoribus ſcribentes, ſua no¬

105.0 1059.0 782.0 56.0 mmna Regum titulis præponerent: donec

111.0 1106.0 776.0 57.0 præpoſtera illa adulatio regnare in Eccleſia

108.0 1153.0 779.0 59.0 Chriſti cœpit, & hypocriſis ſeſe extulit in lo

106.0 1204.0 781.0 60.0 cum Dei, hinc quæſita eſt gloria & ſplendo¬

105.0 1256.0 781.0 59.0 ris dignitas in nominum prærogatiua, de qua

100.0 1304.0 788.0 57.0 alibi:nunc ad rem. Apoſtolus ſe commendat

95.0 1350.0 794.0 59.0 titulis muneris ſui diuinitus accepti, nõ quòd

96.0 1400.0 793.0 56.0 de vocatione ſua dubitaret Timotheus, ſed

99.0 1447.0 790.0 60.0 vt rebus maior accederet dignitas. Deinde

102.0 1497.0 786.0 74.0 quòd vbique in omnibus ſuis epiſtolis hoc
