1077 1760
145 48 631 54 IN I. EPIST. AD TIMOTH.

826 51 47 57 95

64 98 799 66 cendi facultate loquitur propriè vt apparet.

120 156 742 65 7 Prophanas autẽ & aniles fabulas, &c.

81 1044 801 61 cis, quæ tamen ad propoſitionem, & illatio¬

160 206 702 58 Secunda pars capitis, de vitandis aliis

72 254 793 59 doctrinæ ſanæ peſtibus. Imprimis quoad

69 303 795 61 dogmata diſciplinæ ſpectat. Nam fabuloſam

69 358 797 49 doctrinam & prophanam vocat eam quæ in

68 403 799 59 ritibus & diſciplina vitæ aliquid excogitat

76 451 791 60 præter Scripturæ ſacræ mẽtem. Huic oppo¬

78 502 792 57 nit εὐσέβειαν, hoc eſt, veram rationem colendi

78 552 792 55 Deum: & hanc eſſe mentem indicat mox

79 601 791 57 conſequens confirmatio, in qua rationem ac¬

81 650 790 57 commodat ad exercitia vitæ corporalia, quæ

84 699 789 57 dum extenduntur ad maiora, hoc eſt, ad ſpi¬

83 747 792 58 ritualia, ius alienum inuadunt:igitur vt ſerue¬

80 796 793 60 tur ἡ γνώμη τοῦ συγγράμματος, in propoſitione,

82 844 793 59 profanum, fabuloſum & anile de iiſdem cor¬

75 893 803 61 poris exercitiis debet intelligi. Tria autem

74 943 803 60 ſunt huius loci membra: πρότασις, κατασκευη,

80 992 798 63 & illatio: interſeritur quoque grauis ἐκφώνη¬

82 1097 270 55 nem pertinet.

135 1137 748 65 Propoſitio eſt, Timotheo & omni pio mi¬

90 1188 793 61 niſtro curandum eſt diligenter ne in diſci¬

91 1239 794 63 plina pietatis quicquam admittatur pugnans

88 1289 800 60 cum vero Dei cultu, vtut ſpeciem ſapientiæ

84 1335 805 68 & religionis habeat. Hæc præponit Apoſto¬

83 1382 810 77 lus antitheſi quadã: primùm enim præcepti

84 1429 810 81 eſt oppoſitio. HOC AVERSARE, παραίοῦ: in il¬

87 1479 804 99 lo verò, TEIPSVM γύμναζε Illud ἄρνησιν
