1084 1761
130 74 655 55 IN I. EPIST. AD TIMOTH.

834 73 34 59 85

66 126 802 57 cùm mendacium inuolucris vtatur, & variis

67 170 803 62 coloribus ſeſe pingat. Sic oracula Ethnica

68 222 799 57 ſemper ambigua fuerunt, aut certè obſcura:

66 269 800 62 Dei contrà ſermo & veritas ſtudet perſpi¬

63 317 804 63 cuitati. Facit illud eò vt de admonitione

59 366 807 62 nemo dubitare poſsit : relinquenda igitur

64 416 801 63 Scripturæ ſacræ ſua ſimplicitas & perſpicui¬

69 465 796 63 tas, nec eſt affectata introducenda obſcuritas

69 513 509 59 quam ſua natura non habet.

105 566 757 62 Tertiò, quando id ſit euenturum, VLTI¬

68 618 797 56 MIS TEMPORIBVS, ύστέροις καιροῖς. Vltima tẽ¬

73 667 792 56 pora dicuntur ea quæ ab aſcenſione Chri¬

69 713 796 60 ſti ad glorioſum eiuſdem reditum decur¬

65 764 799 60 runt. Et in his quæ fini ſemper propiora

59 812 803 62 ſunt, qualia ſunt poſt Apoſtolorum tem¬

57 859 809 64 pora, noſtra hodie, & quæ deinceps ſuper¬

53 912 808 59 ſunt. Monet igitur de periculo infuturum,

58 961 805 57 quemadmodum cap.1. monuit de preſenti

51 1008 811 60 tum corruptela, qualem inducebant tum

48 1059 810 59 νομοδιδάσκαλοι. Itaque diligenter eſt conſi

45 1108 815 62 derandum, quibus temporibus ſemper hoc

44 1154 521 62 vaticinium ſit completum.

100 1205 760 62 Quartò, quid euenturum ſit, & qui ſint hoc

44 1259 817 57 facturi, DEFICIENT QVIDAM A FIDE. Pro¬

42 1303 827 62 poſitio eſt vaticinii. Deficere eſt à vero ad

29 1352 828 61 falſimm declinare : igitur defectio, ἀποςτασία

30 1402 828 62 erit, à vera Dei cognitione ad falſam declina

30 1450 827 65 tio, id dixit à fide deficere: fidem accipio

33 1502 822 70 pro ſimplicitare veræ religionis, quod aliâs

602 1545 108 78 F 3
