1068 1749
141 55 633 54 IN I. EPIST. AD TIMOTH.

821 46 67 60 167

125 113 749 51 Septimo, QVAM NEMO VIDIT

74 145 802 61 HOMINVM, NEC VIDERE PO¬

78.0 197.0 796.0 63.0 TEST: & hæc laus eſt diuinæ maieſtatis,

79.0 247.0 798.0 61.0 quia adeò ſincera eſt vt effugiat hominis ocu¬

77.0 296.0 815.0 60.0 los. Hinc dictum eſt Moſi, Exod.33. Non¬

76.0 345.0 803.0 60.0 videbit me homo & viuet, ratio eſt in pec¬

74.0 395.0 804.0 61.0 cato, quod Dei præ ſentia ferre nõ poteſt. In¬

76.0 447.0 802.0 58.0 de fuga & trepidatio primùm cœpit in pri¬

73.0 497.0 807.0 53.0 mis hominibus cùm peccaſſent. Hinc craſſus

69.0 545.0 811.0 54.0 eſt redditus viſus oculorum & cæcus, vt Deũ

68.0 595.0 811.0 57.0 nec poſsit, nec velit videre. Vident tamen

68.0 641.0 806.0 62.0 Deum pii ac renati, ſed in ſpeculo & ænig¬

68.0 692.0 811.0 58.0 mate, 1.Cor.13.ver.9.12. Vident eum in filio

68.0 741.0 811.0 58.0 ſuo, qui eſt icon & character ſubſtantiæ eius:

71.0 790.0 806.0 59.0 ſic in Scripturavidetur dum attenditur ipſius

76.0 840.0 799.0 58.0 volũtas, ſed omnes iſti modi imperfecti ſunt:

71.0 889.0 804.0 55.0 ad plenum videbimus illum in vita æterna,

68.0 934.0 809.0 63.0 1.Ioan.3. verſ.2. Iuſtinus Martyr eleganter

70.0 984.0 808.0 63.0 hoc dixit, Θεὸν νοήσαι χαλεπόν, φράσαι δὲ ἀδυνα¬

73.0 1034.0 801.0 60.0 τον, τῷ καὶ νοήσαι δύνατον. Iſta encomia conclu¬

74.0 1085.0 798.0 57.0 dit clauſula pietati conformi: CVI SIT

79.0 1137.0 796.0 54.0 HONOR ET ROBVR AETERNVM.

79.0 1179.0 798.0 63.0 Amen. Δοξολογία eſt pii pectoris, non ſolùm

78.0 1231.0 798.0 55.0 confitentis, ſed humiliter Dei maieſtatem a¬

73.0 1283.0 803.0 59.0 dorantis: dæmones enim quoque fatentur,

70.0 1347.0 520.0 45.0 ſed contremiſcunt: aliter pii.

129.0 1400.0 578.0 45.0 17 Diuitibus in hoc ſeculo, &c.

176 1431 700 62 Sextus locus de diuitum officio, ac per¬

74.0 1481.0 803.0 77.0 tinet ad quartum, qui iam expoſitus eſt. Duo

604.0 1531.0 96.0 75.0 L 4
