1068 1740
153 52 626 55 IN I. EPIST. AD TIMOTH.

818 59 54 51 97

63 100 813 63 eſt in vino ab occaſu Solis ad ortum eiuſdem

67.0 145.0 808.0 68.0 debacchatur. Hîc quæritur quis apud Deum

69.0 194.0 804.0 68.0 bona vtatur diſciplina, & cuius vigiliæ Domi

65.0 244.0 808.0 68.0 no approbentur. Hypocritæ placere non poſ

60.0 294.0 810.0 66.0 ſunt, quia δυσιδαιμονίᾳ, hoc eſt, ſuperſtitione

61.0 345.0 808.0 65.0 peccat, & γραώδες eſt hoc opus, hoc eſt, peruë¬

58.0 396.0 813.0 62.0 tuſtus error eſt & anilis: lurconis quoque non

66.0 443.0 803.0 62.0 placere poſſunt, quia in eius vigiliis eſt βεβη¬

64.0 492.0 805.0 64.0 λότης, hoc eſt, profanatio: itaque medium hîc

64.0 540.0 805.0 66.0 quærendum & ſequendum eſt, ne in caſti¬

69.0 591.0 795.0 63.0 gãdo corpore, aliã ve diſciplina externa pec¬

66.0 641.0 800.0 60.0 cemus ſuperſtitione aut profanatione. Εὐσέ¬

68.0 689.0 797.0 65.0 βεια eſt idem quod θεοσέβεια, hoc eſt, recta

65.0 739.0 798.0 62.0 Deum colendi ratio, quam nõ aliunde quàm

59.0 787.0 801.0 65.0 ex ipſius Dei voluntate petere oportet. Hæc

56.0 840.0 803.0 57.0 autem Sacris literis expreſſa eſt, ac refertur

53.0 887.0 801.0 62.0 ad duo capita, fidem ſcilicet, & dilectionem

62 935 570 65 leu ſtudium bonorum operum.

104 996 643 58 8 Nam corporalis exercitatio, &c.

141.0 1036.0 715.0 66.0 Confirmatio eſt propoſitionis: reddit e¬

48.0 1091.0 812.0 59.0 nim rationem quare profanæ & aniles fabu¬

52.0 1145.0 803.0 55.0 Iæ ſint fugiendæ. Ratio eſt, QVIA COR¬

53.0 1205.0 804.0 43.0 PORALIS EXERCITATIO PA¬

43.0 1240.0 814.0 63.0 RVM PRODEST, PIETAS AVTEM

45.0 1297.0 811.0 45.0 AD OMNIA EST VTILIS, duæ ra¬

38.0 1334.0 819.0 67.0 tio ſiquid concludere debet, oportet fabulas

36.0 1386.0 819.0 63.0 aniles & profanas de exercitiis corporalibus

36.0 1438.0 819.0 60.0 accipere, alioquin nihil concludit oratio. Ita¬

37.0 1492.0 817.0 68.0 que nos de diſciplina morum interpretati ſu¬

628 1538 45 74 G
