1076 1740
143 50 648 50 IN I. EPIST. AD TIMOTH.

66 98 821 59 ſuſcipiendo modò votum ſanctæ viduitatis

76 149 811 62 promittat, licet id nunquam ſeruare cogitet.

122 199 762 59 Quarta nota hîc etiam additur, quæ fuerit

84 248 797 57 vnius mariti vxor, hoc eſt, vno viuẽte, non al¬

83 296 799 59 teri ſe copularit, nec etiam ſuo aliquovitio ab

82 346 797 59 vnius matrimonio repudiata ad aliũ tranſie¬

80 393 800 61 rit thorum, quod eſt δευτέροις γάμοις ὁμιλεῖν,

85 445 796 52 nec etiam extra matrimonium proſtituta pu¬

84 493 797 57 dicitia vixerit: ſic vnius mariti vxor fuerit. I¬

83 542 798 60 gitur non damnatur ſi vno mortuo ad alte¬

80 594 802 56 rius connubium tranſeat honeſtè, quia mors

84 640 797 60 cum ſoluat matrimonium, efficit vt adhuc

94 693 397 53 vnius ſit mariti vxor.

150 746 456 58 10 In operibus honis, &c.

174 793 703 62 Quinta nota habeat etiam bonorum o¬

84 843 796 62 perum plenum teſtimonium: μαρτυρουμένην

79 894 800 57 accipio vndique conuictam à bonis operibus,

76 940 805 61 hoc eſt, cuius pietas publicè ſit notoria. Et

78 992 803 59 quæ ſint bona opera hîc accipienda vtiliter

80 1045 801 57 admonet ne alia intelligeremus. Sunt igitur

81 1090 801 59 erudire liberos, hoſpitalem eſſe, piorum laua¬

81 1139 802 60 re pedes: hi enim ſunt ſancti in Scriptura, af¬

81 1189 804 64 flictis adeſſe. Hæc matronalia ſunt ornamen¬

86 1239 797 60 ta, quæ viduam poſtea factam commenda¬

79 1287 803 62 bunt vt de publico ali debeat, & miniſterio

78 1344 329 54 adhiberi poſsit.

96 1397 748 51 II Iuniores autem viduas auerſare, &c.

119 1442 767 55 Locus eſt de iuniorib. viduis diligẽter ĩ mimi

78 1486 805 78 ſteriopublico cauẽdis. Cõſtat locꝰ propoſitiõe,

836 42 47 68 127
