1094 1772
407 88 469 50 COMMENTARII

228.0 106.0 48.0 39.0 86

225 139 800 55 dicit ſanam doctrinam, & hîc mox καλὴν δι¬

226.0 187.0 797.0 60.0 δασκαλίαν, bonam doctrinam. Vide igitur

225.0 238.0 797.0 57.0 quæ ſit Apoſtolica doctrina, & contrà quæ

221.0 283.0 797.0 62.0 ſit apoſtatica doctrina. Apoſtolica eſt, quæ

223.0 335.0 794.0 56.0 retinet ſimplicitatem ſanæ doctrinæ, vt eſt

223.0 377.0 786.0 66.0 à Chriſto & Apoſtolis Eccleſiæ relicta. Apo¬

223.0 429.0 788.0 64.0 ſtatica eſt, quæ ab eadem deficit ad homi¬

230 478 312 62 num commenta.

271.0 531.0 745.0 61.0 Quinto, qui hoc facient? reſpondet, τίνες,

223.0 579.0 798.0 62.0 quidam : hoc interpretor vt alibi loqui¬

224.0 632.0 793.0 56.0 tur Scriptura per πολλοὺς: quia multi voca¬

222.0 679.0 792.0 57.0 ti, pauci electi vt Chriſtus ait, viam ad inte¬

221.0 726.0 798.0 58.0 ritum eſſe amplam, & multos qui ambulent

221.0 776.0 795.0 58.0 illam, & Matt.24. multos fore ſeductores, &

223.0 826.0 794.0 60.0 apoſtaſiam fore publicam, adeò vt electi

223.0 877.0 789.0 60.0 quoque ſeducantur ſi fieri poſſet. Itaque

220.0 925.0 793.0 61.0 ingens erit apoſtaſia, qualis reuera fuit ſupe¬

219.0 975.0 793.0 60.0 rioribus ſeculis & adhuc eſt, & erit deinceps

218 1017 340 65 fortè adhuc maior.

263.0 1071.0 744.0 59.0 Sextò, quæ cauſa illos ad apoſtaſiam com¬

220.0 1123.0 791.0 59.0 pellat, illa gemina eſt. Principalis & organi¬

216.0 1171.0 796.0 55.0 ca. Principalis eſt, πνεῦμα πλάνον, hoc eſt, ſpi¬

213.0 1218.0 799.0 60.0 ritus errans, qui via dicitur: primùm quia ip¬

215.0 1268.0 796.0 57.0 ſe in veritate non ſtetit, ſed ad mendacium

212.0 1312.0 796.0 65.0 defecit: hinc mendacii pater dicitur, & alios

213.0 1363.0 791.0 61.0 tales efficit. Deinde errans dicitur ſpiritus,

211.0 1415.0 800.0 59.0 quia aliis quoque erroris eſt cauſa, vt enim

212.0 1462.0 802.0 68.0 i pſe mendax eſt, ſic alios tales efficit & men¬

814.0 1515.0 202.0 75.0 daciorum,
