1077 1747
113 52 637 61 IN I. EPIST. AD TIMOTH.

57 103 811 66 ertent, rectè dicuntur nihil ſcire, vtvt docti

66.0 156.0 797.0 67.0 videantur, quia ad finem veritatis non per¬

68 222 175 38 ueniunt.

107.0 252.0 756.0 68.0 Quarta eſt, νοσῶν περί ζητήσεις καὶ λογομα¬

71.0 301.0 797.0 65.0 χίας, id eſt, morbidus eſt circa quæſtiones &

64.0 352.0 797.0 66.0 verborum pugnas: ſuprà quoque capite pri¬

62 401 801 64 mo damnauit ζητητικόν καὶ μυθικὸν: infrà ad

69.0 451.0 795.0 63.0 Titum capite primo, verſu Io.ματαιολογία

63.0 497.0 799.0 65.0 dicitur, quia his quæſtionibus fruſtra om¬

57.0 549.0 805.0 64.0 nis cura impenditur. Hoc loco grauiſsimè

58.0 596.0 802.0 66.0 deterret ab eo vitio ſubiecta turpitudine.

60.0 645.0 802.0 66.0 Νόσος  enim eſt quod læ dit naturalem vitæ a¬

65.0 695.0 798.0 63.0 ctionem : in religione autem νόσος eſt ſtu¬

64.0 743.0 796.0 68.0 dium litigandi, & curioſitas quæſtionum

57.0 798.0 803.0 60.0 nouarum, quod ipſam quoque lædit actio¬

52.0 847.0 807.0 57.0 nem vitæ renati hominis: ideo quàm dili¬

55.0 893.0 802.0 62.0 gentiſsimè hæc vitia cauenda ſunt. Habes e¬

48.0 946.0 809.0 55.0 uidentem notam ſchiſmatici hominis, mor¬

46.0 992.0 812.0 62.0 bidum eſſe quodammodo, & ad inſaniam

49.0 1040.0 807.0 64.0 vſque ſe quæſtionibus nouis macerare,

48.0 1089.0 811.0 66.0 Conſidera hîc quæſtionum diuerſitatem: in

56.0 1139.0 805.0 65.0 Theologia alia eſt vtilis quæſtio & pia

52.0 1190.0 804.0 61.0 ζήτηπς εὐσεβηε, quæ in Sacris literis funda¬

54.0 1240.0 805.0 61.0 mentum habet, & ad cognitionem verita¬

54.0 1289.0 802.0 61.0 tis, aut ad mores renati hominis confert: vt

46.0 1335.0 812.0 64.0 quæſtio de fide, de bonis operibus, de via ad

37.0 1388.0 815.0 59.0 ſalutem, &c. Alia eſt ζήτησις νοσώδης, mor¬

34.0 1434.0 814.0 61.0 bida, quæ Chriſti meritum obſcurat, bonis

34.0 1486.0 823.0 70.0 obeſt moribus, aut ad cognitionem veritatis

585.0 1534.0 124.0 85.0 K 4

820 71 48 46 151
