1103 1743
158.0 62.0 629.0 49.0 IN I. EPIST. AD TIMOTH.

854.0 71.0 28.0 46.0 15

81.0 115.0 806.0 54.0 Rechem, commiſeratio, dolor de alieno malo,

84.0 165.0 804.0 58.0 quòd malum ad nos quoque pertingere poſ¬

84.0 211.0 804.0 59.0 ſe videatur. Sic quidem Philoſophi defi¬

87.0 259.0 802.0 59.0 niunt, ſed non ſatis commodè ad hunc lo¬

87.0 309.0 803.0 58.0 cum. Malum enim humani generis nihil ad

87.0 361.0 801.0 62.0 Deum, hoc eſt, non ad eum pertingere po¬

92.0 411.0 796.0 55.0 terat vt eum læderet: ſed tota vis corrum¬

104.0 458.0 784.0 60.0 pentis mali effundebatur in hominis ſolius

106.0 510.0 782.0 56.0 perniciem: Interim Deus commiſerationis

106.0 556.0 781.0 61.0 ſenſu tactus eſt. Itaque ſic definiamus, Mi¬

106.0 606.0 782.0 62.0 ſericordia eſt dolor de alieno malo, quod in¬

107.0 658.0 779.0 58.0 dignum videtur Deo, vt totum homi¬

107.0 709.0 780.0 60.0 nemcorrumpat: ideo malo remedium pro¬

107.0 752.0 84.0 57.0 tulit.

135.0 802.0 753.0 62.0 Pax eſt omnimoda felicitas, qua animus

91.0 856.0 798.0 56.0 redditur pacatus: vult enim natura ſibi bene

91.0 902.0 799.0 64.0 eſſe vt in actionibus ſit εὐπραξία, in conſiliis

98.0 955.0 790.0 58.0 ὀρθότης, in vitæ neceſſariis εὐπορία, quæ om¬

98.0 1004.0 790.0 60.0 nia conſpirent in εὐδαιμονίαν quandam &

102.0 1051.0 786.0 60.0 αὐτάρκειαν, huius ſenſus reddit animum pa¬

102.0 1101.0 785.0 62.0 catum. Ideo in ſolo Deo reperitur illa pax,

103.0 1151.0 786.0 58.0 ob id prudenter hæc omnia ad Deum Pa¬

101.0 1199.0 789.0 59.0 trem & Ieſum Chriſtum mediatorẽ refert.

100.0 1251.0 790.0 57.0 Pater reconciliatur nobis in filio, ideo filius

92.0 1300.0 796.0 59.0 eſt pacificator. Hinc pii in mediis periculis

85.0 1346.0 804.0 61.0 & ærumnis ſeſe ad Deum hilares referunt,

83.0 1396.0 806.0 67.0 quia pax illa inuiolata manet, & ex hac pro¬

81.0 1455.0 543.0 50.0 manans omnimoda felicitas.

114.0 1495.0 777.0 73.0 Hãc ſecuritatẽ animi & ſummã felicitatem
