1096 1744
234 58 51 41 74

424 43 461 53 COMMENTARII

233 104 790 53 vxores intelligo epiſcoporum & diacono¬

227 147 800 60 rum: debent iſtæ eſſe primùm σεμναὶ, vt or¬

230 196 796 58 nent maritorum ſuorum conditionem. Di¬

230 245 796 55 ſcrimen igitur debet eſſe inter miniſtri vxo¬

229 294 790 57 rem, & alterius de plebe, modeſtia, habitu,

229 342 788 63 moribus, totóq. vitæ genere, reliquis exẽplo

231 393 784 55 eſſe debet. Deinde, NON SINT CALVMMEA¬

233 441 793 61 TRICES, διαβολοὶ, nã ſolent iſtæ etiã populi

222 491 807 59 -errata ad maritos deferre vt corrigantur in

222 540 806 58 concionibus, ne igitur innocentes deferant,

221 589 811 60 vt priùs de diaconis dixit, ne ſint διλoγοί.

226 640 806 63 Deinde in genere ne ſint garrulæ, nugi¬

232 684 144 65 uendæ.

287 737 745 62 Tertiò, SOBRIAE, ſic maritis coniungit ſo¬

225 788 802 59 brietate, & requiritur quidem in omnibus

229 837 794 60 piis iſta virtus vt in genere virtus in omni¬

226 884 800 60 bus requirẽda eſt, in miniſtro autẽ & ſua fami

224 934 799 62 lia poſtulatur excellentia quædã & exẽplum.

223 987 805 55 Quartò, FIDELES IN OMNIBVS, hoc eſt,

224 1030 804 60 in tota cauſa religionis, deinde deferendis a¬

233 1080 797 58 liis, idem in fide matrimoniali, in adminiſtra

233 1128 796 60 tione rei domeſticæ, in regenda familia, in

227 1180 798 65 ſumma, omnia dirigat ad pietatis auctio¬

237 1234 117 53 nem.

297 1278 394 64 12 Diaconi ſint, &c.

312 1341 701 49 Quinto loco loquitur de altero diaco¬

215 1380 808 59 norum genere, quod ſcil. adminiſtrabat opes

215 1429 814 59 Eccleſiaſticas, erant hi inſtituti primitus ab

219 1477 813 69 Apoſtolis, Act.6. Hinc videtur in aliis Ec¬

918 1533 118 74 cleſiis
