1051 1737
167 60 616 51 IN I. EPIST. AD TIMOTH.

830 46 48 75 123

81 103 790 62 vicem rependere maioribus ſuis:: nam vidua

81.0 154.0 788.0 59.0 ſuis maioribus debet ſi rectè inſtituta eſt,

81.0 203.0 787.0 60.0 hanc pietatem relinquat poſteritati. Alter

79.0 249.0 787.0 62.0 ſenſus eſt, qui ad filios & filias ſeu nepotes il¬

78.0 300.0 787.0 61.0 la refert, ac diſcant accepit de filiis: illi diſ¬

76.0 352.0 792.0 59.0 cant viduam matrem piè alere, quo exemplo

78.0 401.0 790.0 58.0 domum ſuam in pietate confirmabunt, & vi¬

82.0 451.0 788.0 56.0 cesreddere maioribus pium eſſe docebunt:

82.0 500.0 787.0 56.0 quod Græci dicunt ἁμοιβὰς & ἀντιθρεπτήρια

78.0 551.0 790.0 56.0 αποδιδόναι, parem referre gratiam, ἀντιπε¬

80.0 601.0 786.0 54.0 λαργεῖν, ciconiarum more gratum eſſe pa¬

78.0 646.0 789.0 57.0 rentibus. Vterque ſenſus rectè quadrat ad

84.0 698.0 779.0 57.0 inſtitutum Apoſtoli, vt ſcilicet vidua non a¬

86 739 621 74 latur de publico cùm à ſuis ali poſsit

138.0 793.0 727.0 68.0 Addit Apoſtolus rationes duas: prior eſt,

83 842 772 61 QVIA HOC FACTVM EST

71.0 896.0 794.0 56.0 καλόν ſcilicet natura: docet enim natura ma¬

69.0 940.0 794.0 61.0 ioribus oportere gratiam referre, vide leges

69.0 994.0 793.0 55.0 ciconiarum apud Ariſtophanem, quibus iu¬

71.0 1045.0 793.0 54.0 bentur pelargides ſeniores ciconias alere, &

73.0 1091.0 792.0 59.0 exempla Ethnica illuſtria in hac gratitudinis

75.0 1144.0 789.0 54.0 ſpecie Deus nobis propoſuit, vt in Cimonis

74.0 1190.0 789.0 55.0 filia quæ patrem vberibus in carcere alit:

69.0 1241.0 790.0 54.0 Aeneæ, qui patrem ſenem ex incendio Tro¬

63.0 1284.0 800.0 63.0 iæ effert, & alia infinita, quibus oſtendi poteſt

63.0 1341.0 274.0 54.0 καλὸν τῇ φύσει.

116.0 1381.0 742.0 61.0 Altera eſt, quia idẽ DOMINO EST GRA¬

71.0 1430.0 795.0 60.0 TVM,h.e. officium hoc Deo acceptum eſt: nã

69.0 1482.0 794.0 71.0 multa videntur natura honeſta, quæ tamen
