1081 1754
169 67 636 52 IN I. EPIST. AD TIMOTH.

863 36 33 91 61

94 118 798 63 nere, quod eleemoſynis præeſt. Sunt igitur

95.0 168.0 794.0 60.0 ſex huius capitis partes. Principium συστατι¬

94 216 798 58 κὸν: Deinde, idea boni miniſtri: Tertiò, de vir¬

91.0 266.0 801.0 59.0 tutibus diaconi: Quartò, de virtutibus vxo¬

89.0 316.0 805.0 62.0 rum, miniſtrorum, & diaconorum: Quintò, de

89.0 368.0 803.0 62.0 diaconis eleemoſynariis: Sextò, epilogus ad¬

87.0 413.0 649.0 66.0 hortatorius ad ipſum Timotheum.

142.0 495.0 508.0 73.0 Verſ.1. Fidelis ſermo, &c.

132.0 563.0 763.0 62.0 Aditus ad nouũ locũ de perſonis ad defen¬

105.0 613.0 790.0 62.0 ſionẽ ſanæ doctrinæ & diſciplinã morum or¬

107.0 664.0 790.0 58.0 dinandis: loquitur autẽ de præſtantia mini¬

109.0 712.0 787.0 63.0 ſterii. Propoſitio eſt, ad miniſterii functionẽ

108.0 765.0 787.0 62.0 ideo homini operam ſuam loco & tempore

105.0 813.0 788.0 60.0 offerre licet: quòd liceat probamus, quia ap¬

103.0 865.0 794.0 59.0 petere concedit & deſiderare: non autem cõ¬

98.0 911.0 800.0 60.0 cedit ambitionem, igitur loco & tempore ſo¬

99.0 960.0 798.0 64.0 lùm concedit, & ſolùm idoneo, quia non ido¬

105 1008 592 59 neum enciuuunt iequentesnote.

140.0 1059.0 758.0 63.0 Vocat λόγον πιστὸν, hoc eſt, ἀξιόπιστον, di¬

102.0 1109.0 801.0 66.0 gnum cui fidem habeamus, vel αὐτόπιστον, cui

101.0 1159.0 799.0 65.0 per ſe aſſentiamur, ſine operoſa demonſtra¬

95.0 1208.0 809.0 57.0 tione: & re vera in Eccleſia Chriſti ſententia

89.0 1259.0 816.0 61.0 hæc eſt extra controuerſiam idoneo homini

91.0 1306.0 813.0 67.0 operam ſuam deferre licere eccleſiæ, ſaluo il¬

92.0 1379.0 258.0 39.0 lius iudicio.

146.0 1404.0 759.0 60.0 Επισκοπὴ, munus docendi dicitur, hinc E¬

101.0 1452.0 806.0 67.0 piſcopi, qui hodie miniſtri & ſimpliciter con¬

103.0 1503.0 800.0 75.0 cionatores dicuntur: nomen habent ab inſpi¬
