1090 1755
398.0 61.0 438.0 50.0 COMMENTARII

213.0 63.0 33.0 53.0 48

203.0 109.0 791.0 58.0 Ierem.2.9. vbi iubet pro ſtatu & pace Baby-

203.0 156.0 796.0 61.0 lonis orare Iudæos, vt & ipſi pacem habeãt.

264 217 496 55 3 Hoc enim bonumn eſt,&c.

270 259 725 62 Quarto loco admonet de cauſis impel¬

202.0 310.0 790.0 55.0 lentibus ad orandum. Colligendæ ſunt hîc

203.0 359.0 784.0 62.0 rationes propter quas ad preces compelli¬

204.0 409.0 785.0 62.0 mur: nos ex Apoſtolo eas indicabimus. Pri¬

204.0 459.0 795.0 58.0 mùm igitur rei honeſtas nos ad id debet mo

206.0 507.0 799.0 58.0 uere. Καλὸν dicitur natura honeſtum, pulchrũ

205.0 555.0 801.0 61.0 & vtile: orare pro omnibus natura eſt hone¬

204.0 605.0 803.0 59.0 ſtum, igitur ſtudiosè eſt faciendum. Dein¬

207.0 655.0 799.0 61.0 de, quia eſt Deo gratum & acceptum: debẽt

205.0 702.0 802.0 65.0 autem pii tanquam filii Dei imprimis reſ¬

209.0 753.0 798.0 65.0 picere ad Dei voluntatem, vt omnia ſua ad

206.0 802.0 798.0 63.0 hanc accommodent. Tertiò, quia Deus

208.0 854.0 790.0 60.0 omnes homines vult ſaluos fieri: ergo nos

210.0 902.0 791.0 61.0 pro omnium ſalute & conuerſione orare de¬

208.0 950.0 798.0 62.0 bemus, cur enim non orabis pro eo quem

211.0 999.0 796.0 59.0 Deus velit ſaluari? Et omnes homines non

208.0 1051.0 799.0 58.0 ſolùm de tota ſpecie accipio, hoc eſt, vt ex

209.0 1097.0 800.0 62.0 ommb. nationib. aliquos velit ſaluari, ſed de

209.0 1147.0 800.0 60.0 indiuiduis omnib. vult. n.omnes ſaluos fieri

210.0 1196.0 795.0 61.0 reuera, ſed conditione hac vt pœnitentiã a¬

213.0 1246.0 791.0 61.0 gant, & ſe conuertant ad Chriſtum filium

211.0 1296.0 790.0 60.0 Dei: ſic voluit ſaluari etiam Cainum, Pha¬

211.0 1349.0 781.0 57.0 raonem, Iudam, verùm quia in deſperatio¬

210.0 1402.0 788.0 53.0 ne manſerunt, contemptá omni pia admo¬

210.0 1450.0 791.0 53.0 nitione, meritò damnantur. Sic interpretatur

210.0 1493.0 793.0 68.0 hanc clauſulam D. Ambroſius, vt dicat ſub¬

922.0 1541.0 86.0 76.0 eſſe
