1101 1754
129 48 653 59 IN I. EPIST. AD TIMOTH.

845 67 24 44 53

53.0 100.0 815.0 66.0 fero quod hîc ſcribitur, TOLLENTES

62.0 155.0 806.0 55.0 PIAS MANVS ABS QVE IRAET DI¬

67.0 201.0 803.0 57.0 SCEPTATIONE. Tollere manus in o¬

60.0 250.0 809.0 60.0 ratione geſtus eſt animi ad Deum reſpicien¬

58.0 303.0 812.0 57.0 tis, qui ſic eſt comparatus, vt in omni ſtatu

56.0 351.0 811.0 59.0 externis geſtibus prodat affectum ſuum, læ¬

56.0 400.0 814.0 57.0 titiam riſu & vultu hilari prodit: triſtitiam

64.0 452.0 804.0 55.0 contrà mœrore, ſubmiſsione manuum com¬

70.0 497.0 798.0 62.0 plicatione, & ſimilibus geſtibus. Ex quo diſ¬

72.0 551.0 795.0 57.0 cimus, à pietate non eſſe alienum in oratio¬

71.0 599.0 795.0 58.0 ne ardenti geſtus externos addere confor¬

71.0 647.0 797.0 59.0 mes affectibus animi. Hinc alii proſternunt

71.0 695.0 796.0 61.0 ſe humi, & Iudæi cinere & ſacco ſe defor¬

70.0 750.0 796.0 57.0 mant in argumentum doloris, veſtes lace¬

66.0 796.0 796.0 60.0 rant. Nos genua flectimus, caput nudamus,

61.0 846.0 801.0 60.0 complicamus manus, contundimus pectora.

64.0 895.0 803.0 58.0 Patribus noſtris per Heluetiam moris fuit

63.0 946.0 805.0 57.0 expanſis manibus orare, quod indubiè à ma¬

65.0 994.0 801.0 60.0 ioribus acceperũt: & in ſummis periculis bel¬

68 1036 630 63 li adhuc ante conflictum ſic orant.

110.0 1091.0 749.0 59.0 Sic aliæ aliis nationes vtuntur geſtibus,

68.0 1142.0 797.0 58.0 quos dictat & exprimit animi affectus, nec

63.0 1189.0 801.0 61.0 facile leges admittit perturbatus in orando

63.0 1261.0 158.0 38.0 animus.

103.0 1284.0 761.0 68.0 Hoc ſaltẽ memoratu dignum eſt, qualeſ¬

50.0 1339.0 808.0 60.0 quales ſint affectus, vt manus ſint puræ, vel,

51.0 1387.0 813.0 61.0 vt inquit, ſanctæ, hoc eſt, lotæ in innocentia,

50.0 1437.0 813.0 59.0 opponitur enim ſanguinolẽtis, auaris, vſura¬

50.0 1485.0 812.0 69.0 riis. Deinde manus ſint etiam alienæ ab ira:

640 1547 31 54 D

714 1544 22 72 3
