1069 1761
404.0 47.0 443.0 61.0 COMMENTARII

226.0 74.0 29.0 38.0 34

214.0 103.0 807.0 63.0 ſint, tamen non prodeſt illis Chriſtus, quan¬

213.0 155.0 812.0 65.0 doquidem peccatum non agnoſcunt, imò ſibi

213.0 207.0 270.0 54.0 iuſti videntur.

230.0 252.0 792.0 62.0 Sonat Chriſtus vnctum, & rectè, habet e¬

213.0 302.0 810.0 63.0 nim vnctionem multiplicem. Prima huma¬

214.0 350.0 806.0 62.0 nitatis eſt in humilitate, ſecundum quam ho¬

213.0 399.0 806.0 63.0 mo verus natus eſt. Altera eſt miniſterii &

215.0 448.0 810.0 65.0 officii propria, quæ declarata eſt in Baptiſ¬

213.0 499.0 816.0 61.0 mo: tum enim nobis vt doctor commenda¬

215.0 547.0 813.0 56.0 tus eſt à Deo Patre. Tertia, eſt dignitatis, ſe¬

214.0 596.0 815.0 61.0 cundum quam vt rex vnctus eſt. Eſt enim

213.0 646.0 812.0 59.0 non ſolum Pontifex noſter, ſed etiam rex.

216.0 695.0 811.0 55.0 Hanc declarauit in die Palmarum, quando ſe

216.0 744.0 806.0 64.0 Iudæis tanquam rex obtulit, talis olim redi¬

220.0 789.0 205.0 70.0 bit iudex.

223.0 841.0 796.0 65.0 De prima & ſecunda vnctione hîc loqui¬

214.0 896.0 804.0 59.0 tur, VENIT SALVARE PECCATORES. Sic

214.0 944.0 803.0 58.0 Ioan.3.ver.14. Vt Moſes exaltauit ſerpẽtem,

213.0 993.0 812.0 57.0 ſic oportet exaltari filiũ hominis, vt omnis qui

214.0 1039.0 811.0 61.0 credit in illum non pereat, ſed habeat vitam

212.0 1088.0 811.0 62.0 æternam. Hinc dicitur ſaluator mundi, hoſtia

221.0 1139.0 627.0 63.0 pro peccatis noſtris, redemptor, &c.

289.0 1201.0 446.0 53.0 Quorum ego ſum primus.

297.0 1242.0 726.0 62.0 Communi regulæ ſeſe inuoluit: atque

211.0 1289.0 810.0 62.0 hic verus ſcripturæ vſus eſt, vt nobis applice¬

210.0 1338.0 804.0 61.0 mus ſalutaria, quò ſpem habeamus de ſalute

211.0 1387.0 803.0 63.0 noſtra. Obſerua autem in confeſsione pecca¬

211.0 1438.0 810.0 63.0 torum promptitudinem: dicit, EGO SVM

213.0 1491.0 810.0 60.0 PRIMVS PECCATORVM, non vti¬

939.0 1545.0 86.0 64.0 que
