1088 1759
214.0 85.0 52.0 44.0 20

380.0 68.0 465.0 59.0 COMMENTARII

211.0 128.0 800.0 59.0 de Elia, de Leuiathan, & boue conuiuii mag¬

212.0 179.0 798.0 58.0 ni in aduentu Meſsiæ, de ouo, de Sole, Luna,

217.0 227.0 457.0 58.0 pudendas babent fabulas.

257.0 276.0 759.0 61.0 Alterum eſt genealogiæ præpoſterum ſtu

212.0 324.0 798.0 62.0 dium: dicuntur autem libri ſeu catalogi ge¬

213.0 375.0 795.0 57.0 neris certi per medios auos & attauos vſque

215.0 422.0 794.0 61.0 ad primam ſtirpis originem, tales libri & ca¬

217.0 471.0 795.0 59.0 talogi erant neceſſarii ante Chriſti aduen¬

216.0 521.0 804.0 55.0 tum, vt conſtaret de certa Meſsiæ linea. Ex

216.0 569.0 800.0 58.0 his enim contexi debuit Chriſti Genealogia,

218.0 620.0 804.0 58.0 & ex his ſcire poterat Paulus, quòd eſſet de

222.0 668.0 800.0 61.0 Tribu Beniamin. Poſt verò Chriſtum natum

217.0 719.0 804.0 55.0 abdendi erant, quia tota illa politia delenda

218.0 770.0 799.0 55.0 fuit, & in Chriſto neque Iudæus, neque Græ¬

217.0 817.0 799.0 59.0 cus quicquam valet, ſed noua in Chriſto crea¬

218.0 866.0 795.0 58.0 tura: ideo diuina diſpenſatione hîc damnan¬

217.0 917.0 799.0 59.0 tur, & olim Romæ ab Imperatoribus exuſti

218.0 964.0 799.0 63.0 ſunt. Vide locum de Genealogiis in Proble¬

228.0 1012.0 299.0 59.0 matibus noſtris.

276.0 1061.0 745.0 60.0 Tertia ratio eſt, à qualitate falſæ doctri¬

219.0 1113.0 802.0 58.0 næ, quia ei adhæret ἀπέραντον, infinitum: sũt

218.0 1161.0 801.0 55.0 autem ἀπέραντα, ἀκαταληπτὰ, hoc eſt, compre¬

219.0 1210.0 800.0 58.0 hendi non poſſunt nec vſu, nec intellectus

220.0 1258.0 800.0 61.0 certitudine. Omne autem tale eſt inutile &

217.0 1308.0 798.0 61.0 nocens, finita enim eſt & comprehenſa ſalu¬

217.0 1360.0 795.0 63.0 tis ratio: ergo omne infinitum eſt fugien¬

219.0 1424.0 112.0 37.0 dum.

266.0 1454.0 758.0 61.0 Quartò, quæſtiones exhibent magis quàm

218.0 1502.0 807.0 69.0 ædificationem Dei in fide. Argumẽtum fir¬

906.0 1559.0 129.0 67.0 mum
