1048 1748
204 74 48 39 156

377 67 439 46 COMMENTARII

199 114 804 58 ſchiſmaticis taxauit : rationibus autem firmis

199.0 163.0 797.0 59.0 remouit à pio Chriſti ſeruo. Iã expreſsè mor¬

199.0 211.0 801.0 61.0 bum ipſum deſcribit à ſuis fructibus. Πλουτεῖν

197.0 263.0 800.0 59.0 opponit autarciæ, & animo qui victu & ami¬

197.0 313.0 796.0 59.0 ctu qualicunque eſt contentus. Qui aliud etiã

197.0 364.0 786.0 59.0 ad ornatum vult habere, & ad voluptatem,

196.0 410.0 674.0 61.0 hunc quæ maneant pericula, oſtendit.

246.0 461.0 741.0 56.0 Primum, INCIDVNT IN TENTATIO¬

196.0 508.0 797.0 60.0 NEM, ſcilicet Satanæ, qui varia conſilia diteſ¬

195.0 557.0 793.0 63.0 cendi clàm ſuggerit, omnibi ſque modis ani¬

195.0 609.0 796.0 60.0 mum inflammatum incitat. Deinde has ten¬

193.0 657.0 798.0 62.0 tationes ſequitur laqueus, hoc eſt, illæ angu¬

191.0 705.0 799.0 63.0 ſtiæ ex quibus non poſſunt emergere, quem¬

193.0 756.0 801.0 54.0 admodum auibus ponitur eſca, quaſi tentatio

192.0 803.0 802.0 57.0 ad laqueum, ad quem ſi ingrediantur, egredi

191.0 851.0 798.0 57.0 non datur. Tertio varns cũpiditatibus agitã¬

193.0 899.0 800.0 63.0 tur, inſomnes ſæpe ducunt noctes, contabeſ¬

192.0 949.0 800.0 60.0 cunt curis, amore, odio paſsim laborant, qui¬

191.0 1001.0 800.0 59.0 bus ſubmergũtur in corporis perniciem, quæ

191.0 1048.0 801.0 67.0 eſt ὄλεθρος, & animarum interitum, quæ eſt

194 1102 168 54 ἀπώλεια.

240 1124 723 82 10 Radix enim omnium malorum, &c.

283.0 1187.0 707.0 67.0 Effectorum eſt confirmatio ab ipſa na¬

187.0 1245.0 804.0 58.0 tura petita auaritiæ, cui mox annectit noua

183.0 1289.0 806.0 64.0 effecta: confirmatio habet definitionem: dicit

183.0 1343.0 798.0 63.0 enim quid ſit auaritia, ſcilicet. Eſt radix om¬

183.0 1395.0 793.0 60.0 nium malorum. Radix dicitur μεταβατικῶς:

190.0 1445.0 793.0 63.0 eſt enim radix propriè plantarum, ſed tranſ¬

181.0 1493.0 805.0 72.0 fertur vox illa ad ea quæ principii vicem &

800 1554 179 67 originem
