1062 1746
186 59 58 47 106

377 49 455 56 COMMENTARII

229 104 748 57 Præoccupatione orditur locum: ac præ¬

183.0 155.0 794.0 57.0 ceptum dat auditoribus quid illis ſit facien¬

182.0 203.0 792.0 59.0 dum in perſona Timothei: Non damnan¬

181.0 253.0 790.0 63.0 da aut contemnenda doctrina, quia à iuue¬

180.0 306.0 233.0 47.0 ne tradatur.

223.0 345.0 739.0 64.0 Ratio eſt, quia reliquæ dotes illuſtres ad¬

178.0 397.0 785.0 60.0 ſunt. Diſcimus hîc Timotheum iuuenem

177.0 446.0 788.0 64.0 fuiſſe, de quo Act.16. & ſup.cap.3. & in illo il¬

178.0 500.0 790.0 57.0 luſtria fuiſſe dona quæ contemptum meritò

181.0 549.0 788.0 61.0 prohibere poterant apud pios: in quo valere

180.0 598.0 784.0 59.0 debet illud, μᾶλλον τὰ ἔργα σκοπεῖν χρὴ, ἤ τὸν

183.0 647.0 785.0 61.0 χρόνον, magis actiones quàm tempus reſpice¬

178.0 695.0 793.0 59.0 re oportet. Deinde magis etiam commen¬

180.0 743.0 789.0 59.0 dari ſénes ſi his virtutibus præditi ſint: quia

178.0 794.0 790.0 58.0 ætas illos magis liberabit à contemptu.

179.0 845.0 787.0 63.0 Inde forte infrà 5. duplici honore dignos

177 894 109 56 facit.

236 950 404 56 Sed ſis typus fidelium..

252.0 992.0 717.0 57.0 Alter locus de cæteris dotibus quæ ad¬

178.0 1043.0 793.0 57.0 eſſe debent, ſi iuuentus in miniſtro reſpici

177.0 1092.0 792.0 50.0 nõ debeat. Facit autem illuſtrem miniſtrum

177.0 1141.0 790.0 56.0 quemadmodum Rhetores ſuum oratorem

178.0 1189.0 791.0 56.0 virum bonum; dicendi peritum. Addunt illi

175.0 1238.0 789.0 57.0 tria, πίςτιν, ἤθος καί πάθος. Πίςτις facultas dicen¬

175.0 1285.0 787.0 57.0 di verè illa in miniſtro eſt δύναμις docen¬

173.0 1339.0 785.0 52.0 di ſanam doctrinam:  ἔθος , authoritatem con¬

173.0 1385.0 783.0 57.0 ciliat, id fit in Eccleſia vitæ innocentia: πάθος

176.0 1438.0 781.0 54.0 verò ſi graui oratione auditores ad ſui imi¬

176.0 1484.0 786.0 68.0 tationem poſsit propellere. Hæc in Timo¬

863.0 1539.0 99.0 71.0 theo
