1089 1742
152 58 645 46 IN I. EPSIT. AD TIMOTH.

839 49 52 64 155

125.0 109.0 756.0 53.0 HOS DECLINA. Concluſio eſt loci de vi¬

84.0 152.0 797.0 63.0 tandis ſchiſmaticis: ſenſus eſt, nihil cũ his cõ¬

85 204 747 59 mune tibi ſit, nec in doctrina, nec moribus.

133 255 636 64 6 Eſt autem quæſtus magnus, &c.

165.0 307.0 717.0 59.0 Tertius locus, vbi quærenda ſit vera αὐ¬

80.0 360.0 799.0 59.0 τάρκεια, nimirum in Chriſto, qui veras opes

82.0 407.0 800.0 59.0 animi largitur. Cohærent autem ſuperiori¬

84.0 457.0 794.0 61.0 bus ratione præoccupationis: negauit priùs

82.0 508.0 797.0 57.0 pietatem conuertendam in quæſtum. Nunc

75.0 554.0 802.0 61.0 ſuo quodam ſenſu permittit quæſtum in illa,

77.0 604.0 805.0 58.0 ſiſcilicet adſit animi moderatio boni conſu¬

79.0 653.0 799.0 63.0 lentis qualemcunque præ ſentem ſtatum. Vi¬

84 698 486 65 de locum περί τῆς αὐταρκείας.

136 769 552 59 7 Nihil enim intulimus, &c,

167.0 809.0 710.0 70.0 Moderationem ſuadet ab ipſa natura

77.0 868.0 799.0 60.0 quæ nudos nos genuit, & nudos etiam recipit:

72.0 918.0 802.0 60.0 ſimile habes apud Iobũ cap.1.omnia in mor¬

71.0 970.0 806.0 61.0 te nos deſtituunt, opes, aurum & argentum,

71.0 1016.0 802.0 65.0 amici, gloria, honor: ad quid igitur immo¬

72.0 1080.0 645.0 46.0 deratum harum rerum deſiderium?

132 1126 612 68 8 Habentes autem alimenta, &c.

176.0 1172.0 698.0 61.0 Alterum argumentum contra quæſtus

81.0 1225.0 794.0 56.0 deſiderium, quia neceſſariis tantum fruimur,

79.0 1273.0 797.0 63.0 reliqua vt ſuperflua relinquimus: neceſſaria

73.0 1325.0 800.0 56.0 autem, ſunt ſecundum naturam, victus & a¬

68.0 1372.0 740.0 69.0 mictus. His igitur contentos eſſe oportet.

123 1425 650 77 9 Qui autem volunt diteſcere, &c.

161 1489 716 71 Locus quartus cõtra auaritiam, quam in
