1047 1738
95 66 632 51 IN I. EPIST. AD TIMOTH.

788 76 38 41 45

45 119 785 58 petimus, imprimis corpori neceſſaria quæ in

48.0 166.0 781.0 58.0 oratione ſolet animus magis neceſſariis ſub¬

51.0 216.0 551.0 57.0 iicere quaſi ſecundaria in votis.

77.0 265.0 752.0 59.0 Ἐντεύξις, qua de iniuria illata conqueri¬

49.0 313.0 783.0 59.0 mur, próque aduerſariis ſimul intercedimus.

51.0 364.0 782.0 59.0 Εὐχαριστία pro acceptis beneficiis Deo agit

54.0 415.0 780.0 55.0 gratias, vt ſimul ſe Deo approbet grati animi

56.0 462.0 778.0 57.0 fignificatione. Hæc diuiſio ex Apoſtolo hîc

59.0 512.0 773.0 58.0 colligitur, ac preſenti inſtituto facilè accom¬

56.0 562.0 774.0 59.0 modari poteſt: nam ἐντεύξις propriè pro Ec¬

51.0 611.0 782.0 56.0 cleſiis fiebat, quæ in perſecutione erant aut

50.0 658.0 782.0 60.0 tandem veniebant: δέησις pro imperio, pro

54.0 708.0 776.0 61.0 magiſtratu ſingularum Eccleſiarum: προσευχὴ

51.0 762.0 781.0 55.0 ingenere pro beneficiis accipiendis, quemi¬

51.0 810.0 779.0 57.0 admodum εὐχαρισςτία pro acceptis gratias

50.0 853.0 777.0 64.0 agit. Aliam diuiſionem vide in Locis no¬

50.0 907.0 91.0 59.0 ſtris.

108 960 451 56 Pro omnibus hominibus.

107.0 1006.0 718.0 64.0 Alterum eſt ſcitu neceſſarium, pro qui¬

47.0 1057.0 786.0 61.0 bus orandum ſit. Fideles primi ex Iudæis

47.0 1107.0 786.0 59.0 vix admittebant in communionem ſalutis

47.0 1155.0 788.0 61.0 Ethnicos, vana adhuc laborantes perſuaſio¬

48.0 1207.0 785.0 58.0 ne de Iudæorum prærogatiua in Meſsiæ be¬

55.0 1257.0 776.0 56.0 neficiis. Ideo facile etiam pro aliis infideli¬

55.0 1303.0 779.0 63.0 bus nõ orabãt: hũc igitur ſcrupulum hîc iubet

54.0 1356.0 778.0 59.0 deponere, cùm docet pietatis eſſe pro omni¬

55.0 1404.0 778.0 59.0 bus hominibus orare. Atque hac re Chriſtia¬

53.0 1454.0 779.0 57.0 ni ſuperant alias omnes ſectas. Iudæi ad

55.0 1502.0 778.0 70.0 huc pro Iſraële fundunt preces, reliquos
