1097 1756
125 67 670 52 IN I. EPSIT. AD TIMOTH.

837 61 34 63 67

61 111 609 65 tator, ſed placidus doctor potius.

98 165 776 56 6 Ἀφιλάργυρον, alienum ab auaritia, priùs

68 212 818 64 dixerat hoſpitalem, nũc radicem notat ipſam

63.0 265.0 212.0 55.0 auaritiam.

108.0 313.0 462.0 62.0 4 Qui ſuæ domui, &c.

146.0 369.0 715.0 63.0 Hactenus ferè recẽſuit inſitas virtutes,

62.0 421.0 806.0 61.0 nunc externas profert: ac primùm, VT DO¬

71.0 471.0 795.0 62.0 MVI SVAE BENE PRAESIT, domus guberna¬

71.0 519.0 790.0 67.0 tio argumentum eſt gubernationis Eccleſiæ,

75.0 567.0 556.0 65.0 quæ & ipſa domus Dei dicitur.

104.0 620.0 752.0 60.0 2. LIBEROS HABEAT IN SVBIECTIONE,

77.0 668.0 783.0 62.0 ET HONESTATE: in familia epiſcopi duo re¬

79.0 714.0 782.0 65.0 quirit, ſubiectionem & honeſtatem. Ὑποταγὴ

69.0 763.0 793.0 65.0 eſt obediẽtia ordinẽ ſuum ſeruans, quo dicto

63.0 815.0 795.0 63.0 ſunt audiẽtes inferiores. Σεμνότης autẽ familię

60.0 863.0 796.0 62.0 decorũ & grauitatẽ indicat in veſtitu, inceſſu,

59.0 912.0 799.0 64.0 ſermone, factis, totãq. vita:illa honeſtas miri¬

62 955 784 75 ficè ornat miniſtrũ Eccleſiæ apud auditores.

86 1021 580 54 5 Si autem quis ſuæ domui, &c.

94.0 1066.0 764.0 59.0 Argumentũ à minori addit, quo cõfirmat

67.0 1115.0 789.0 57.0 prius mẽbrũ de facultate œconomica. Domus

62.0 1162.0 797.0 64.0 hîc opponitur Eccleſiæ, minus maiori: ſi id

65.0 1214.0 791.0 61.0 quod minus eſt nõ poteſt, ergo maius admi¬

56.0 1261.0 802.0 61.0 niſtrare nõ poterit, vt ſi, nauiculã in flumine

52.0 1307.0 806.0 68.0 modico nõ poteſt adminiſtrare:ergo nõ nauẽ

46.0 1359.0 809.0 63.0 in Oceano regere poterit: vera eſt ratio, non

50 1412 808 59 tamẽ conuertitur, vt is ꝗ domui põt cõmode

51.0 1460.0 807.0 55.0 præeſſe poſsit etia Ecclèſiã regere: nõ enim

51.0 1499.0 811.0 69.0 ſtatim maiora poteſt, ꝗ minora nouit admini

621.0 1551.0 86.0 64.0 E 2
