1079 1750
186 67 38 48 60

357 62 443 51 COMMENTARII

179 103 792 64 doctrina admonuit primo capite:mox ad diſ¬

179 159 792 56 ciplinã de εὐταξία trãſiuit capite 2. nunc ve¬

179 204 793 61 rò tertio loco admonet de ipſis perſonis per

180 254 793 58 quas vtrunque in Eccleſia confirmari & vti¬

179 303 793 57 liter adminiſtrari debet: monet igitur de his

179 352 789 61 qui eligendi ſunt, vt diſcant iuniores quaſnã

183 401 784 58 virtutes ad miniſterium ſacrum afferre de¬

178 450 796 59 beant. Deinde vt Timotheus & omnes qui¬

179 498 798 60 bus Eccleſiarum cura eſt demandata, ſciant

182 553 796 56 quales admittere oporteat, aut quinam tan¬

183 601 746 57 quam indigni ſint arcendi ab hoc munere.

229 647 752 60 Propoſitio ſit, Timotheo, & omnibus, qui

180 700 801 56 cura Eccleſiarum incumbunt, curandum eſt

183 751 794 54 Vt ſemper adſint idonei homines per quos

181 800 799 56 ſana doctrina & tota pietatis cura admini¬

180 849 793 58 ſtretur: ad quam functionem non niſi aptos,

181 899 794 57 & canoni huic reſpondentes maiori ex parte

181 943 341 61 admittere debent.

229 991 750 58 Partes ſunt: initium & finis συσατικὰ ſunt.

183 1043 797 56 Commẽdat enim initio munus hoc à ſua di¬

182 1093 802 59 gnitate, quo aditum facit ad præceptionem:

180 1143 807 53 ſic finis quoque commendat curam hanc Ti¬

181 1191 804 54 motheo, vt iam grauiſsimam & dignam in

181 1241 801 56 quam diligenter & accuratè incumbat. Me¬

180 1288 800 57 dia ſunt Canonica, hoc eſt, præſcribunt for¬

179.0 1340.0 799.0 55.0 mam, quæ in electionibus ſeruanda eſt. Ac

182.0 1389.0 793.0 57.0 primùm de ipſis miniſtris. Deinde de mini¬

179.0 1434.0 800.0 64.0 ſtrorũ diaconis. Tertiò de ipſorum familia &

183.0 1489.0 794.0 73.0 vxoribus. Quartò de altero diaconorum ge¬

887 1547 88 49 nere
