1082 1757
156.0 67.0 633.0 53.0 IN I. EPIST. AD TIMOTH.

832.0 77.0 33.0 46.0 35

63.0 123.0 809.0 56.0 que primus erat, ante illum infiniti fuerant, &

60.0 167.0 809.0 58.0 fuerat primus Adam ante quem erat pecca¬

64.0 216.0 806.0 59.0 trix Eua. Quos omnes præterit ac ſe primum

62.0 262.0 806.0 63.0 facit non ordine, ſed magnitudine: ac ſi dicat,

63.0 311.0 805.0 59.0 maximus ſum, μέγισος. Iudicio certè ſuo,

63.0 362.0 807.0 59.0 cui mirum in modum diſplicebat prior illa

65.0 410.0 806.0 62.0 conuerſatio fuerat blaſphemus, perſecutor ac

76.0 462.0 795.0 57.0 calumniator : maximus igitur erat in ſuis o¬

82.0 510.0 787.0 58.0 culis, adeò vt reliquorum delicta parua vide¬

83.0 561.0 785.0 58.0 rentur : ratio, quia illa Paulum non preme¬

83.0 606.0 786.0 63.0 bant, cuique enim grauiſsimum eſt onus

89.0 657.0 780.0 59.0 quod ſuis impoſitum eſt humeris. Deinde

89.0 710.0 779.0 59.0 primus dicitur, quia non dubitat primus eſ¬

81.0 757.0 788.0 58.0 ſe in ordine confitentium: vt ſi cenſura ſit

77.0 803.0 791.0 61.0 ſubeunda ad tribunal Chriſti, paratus eſt pri¬

74.0 854.0 795.0 57.0 mo loco accedere, & fateri ſua ſcelera, ſimúl¬

77.0 902.0 791.0 61.0 que ambire Domini gratiam. Diſcamus igi¬

82.0 951.0 786.0 62.0 tur exemplo Apoſtoli, libenter fateri Domi¬

87.0 1003.0 783.0 59.0 no peccata noſtra, & ex animo, ſic facilior e¬

86.0 1050.0 785.0 53.0 rit venia. Contrà in donis celebrandis liben¬

87.0 1099.0 785.0 62.0 ter nos humiliemus: ſic Apoſtolus vt hîc ſe

86.0 1153.0 786.0 56.0 maximum facit peccatorem, ita alibi mini¬

88.0 1199.0 786.0 61.0 mum Apoſtolorum, & qui non ſit dignus qui

90.0 1248.0 784.0 61.0 vocetur Apoſtolus. Interim de effectu gloria

79.0 1297.0 795.0 62.0 tur in Domino, quòd plus aliis laborarit. In

71.0 1348.0 804.0 63.0 peccato igitur maximus, in miniſterio mini¬

82.0 1393.0 791.0 69.0 mus, vbiq. tamẽ inter homines magnus erat.

130.0 1444.0 743.0 76.0 16 Sed propterea miſericordiam ſum

69.0 1507.0 317.0 84.0 conſecutus, &c.

644.0 1556.0 24.0 58.0 C
