1079 1758
362 64 452 59 COMMENTARII

180 89 51 41 124

182 123 797 58 talia non ſunt, nec pacatur his Deus: & vim vi

180.0 171.0 800.0 60.0 repellere Chriſtiano in loco & tempore non

180.0 217.0 798.0 63.0 licet. Voluptas natura honeſta videtur, quæ

181.0 266.0 797.0 64.0 piis tamen interdicta eſt: ſed dum concur¬

179.0 314.0 796.0 65.0 runt, iſta duo validiſsima ſunt, naturæ iudi¬

179.0 370.0 442.0 59.0 cium & Dei approbatio.

253.0 424.0 623.0 67.0 5 Quæ verò reuera vidua eſt, &c.

229.0 483.0 755.0 60.0 Altera pars ἀντιθέσεως ſuperior non verè

185.0 532.0 798.0 59.0 vidua erat, quia habuit τέκνα vel ἔκγονα à qui¬

180.0 584.0 804.0 57.0 bus debuit & potuit ali. Hæc verõ nunc reue¬

179.0 627.0 809.0 64.0 ra eſt vidua: vides ὄντως χήραν deſcribi quæ ſit

180.0 678.0 806.0 61.0 μεμονωμην, hoc eſt, orbata & marito & ſobo¬

181.0 730.0 810.0 56.0 le. Additur mox altera nota verè viduæ, nec

178.0 776.0 810.0 62.0 illud ſatis erat vt eſſet idonea quæ de publi¬

178.0 831.0 813.0 50.0 co aleretur. Altera igitur nota eſt, pietatis

178.0 876.0 813.0 62.0 conſtans meditatio ac ſtudium: quod Apoſto¬

179.0 926.0 815.0 60.0 lus dicit, SPERAT IN DEVM, ſcilicet quia

178.0 975.0 820.0 62.0 omni ope humana eſt deſtituta, non habet

179.0 1025.0 817.0 61.0 maritum, non filium, nec filiam: ſupereſt igi¬

180.0 1071.0 817.0 60.0 tur ſoli Deo nitatur. Nam ſi filii ſint, ſpes a¬

178.0 1121.0 820.0 60.0 liqua eſt in vicino poſita: talis igitur ſoli Deo

177.0 1170.0 820.0 57.0 fidens in orationibus & precibus perduret, vt

178.0 1220.0 817.0 57.0 ſit idonea quæ de publico alatur, & ad mini¬

176.0 1268.0 506.0 74.0 ſterium quoque admittatur.

243 1341 663 58 6 Petulans autem, vivens mortua eſt.

291.0 1390.0 690.0 59.0 Iterum contrarium addit vt fecit in

181.0 1439.0 803.0 67.0 prima nota: illic oppoſuit μεμονωμένην, &

173.0 1492.0 815.0 79.0 ἔχουσαν τέκνα, ἤ ἔκγονα.  Hîc προσμένουσαν προ¬

848.0 1540.0 134.0 68.0 σευχαῖς
