1076 1765
107 67 618 52 IN L. EPIST. AD TIMOTH

800 73 39 52 87

65.0 123.0 780.0 55.0 daciorum, hoc eſt, errorum quærit patronos.

68.0 169.0 776.0 62.0 Is eſt ſpiritus mendax in ore omnium fal¬

68.0 216.0 327.0 59.0 ſorum doctorum.

79.0 264.0 767.0 61.0 Organica cauſa eſt, animi humani leui¬

68.0 319.0 778.0 57.0 tas, qua natura corrupti vanitate delectan¬

64.0 365.0 785.0 62.0 tur, illam præferunt veritati, quod eſt προσέ¬

66.0 413.0 784.0 61.0 χεα. Hinc naſcitur communibus ſuffragiis do

74.0 465.0 774.0 57.0 ctrina dæ moniorum. Satan hanc ludit & ho¬

72.0 510.0 778.0 61.0 minum animis inſtillat ac dictat: hinc ambi¬

72.0 560.0 779.0 68.0 tioſi homines illam publicè proponunt &

80 608 224 71 propugnant.

111.0 663.0 737.0 76.0 2 In hypocriſi falſiloquorum, cauterio

78.0 733.0 606.0 70.0 notatam habentium conſcientiam.

136.0 802.0 718.0 65.0 Ortum deſcripſit apoſtaticæ doctri¬

68.0 858.0 788.0 58.0 næ per ſuas circunſtantias, nunc eiuſdem pro¬

73.0 904.0 785.0 63.0 pagationem, quæ fit per hypocriſin: peſ¬

67.0 953.0 794.0 60.0 ſimo ipſorum doctorum ſucceſſu. Tria

68.0 1007.0 786.0 58.0 autem hîc ponit quæ diligenter expen¬

62.0 1051.0 792.0 63.0 di debent. Primùm ipſi per ſe ſunt dευ¬

62.0 1099.0 796.0 62.0 δθλογοι, id eſt, falſæ doctrinæ defenſo¬

65.0 1149.0 794.0 62.0 res, quæ iam dicta eſt apoſtatica doctrina.

65.0 1199.0 795.0 62.0 Fit autem Τευδολογία duplici modo. Pri¬

61.0 1250.0 801.0 61.0 mûm, quum per ſe falſum affertur, hoc

55.0 1298.0 803.0 62.0 eſt, quod Scripturis ſacris non eſt expreſ¬

48.0 1348.0 809.0 59.0 ſum, ſed his contrarium, vt Purgato¬

48.0 1396.0 809.0 61.0 rium, de inuocatione ſanctorum, & ſi¬

49.0 1445.0 812.0 75.0 milia πευδολογίαν habent, quia de his

635 1509 28 54 F

690.0 1514.0 27.0 51.0 A
