1061 1753
204 58 66 45 140

376 44 473 56 COMMENTARTI

200 114 794 42 vino magis dediti, imprimis delicatioribus.

200.0 146.0 800.0 60.0 Olim peccabant magis in defectu boni pa¬

197.0 199.0 796.0 55.0 ſtores, hoc eſt, vt minus vinum curarent,

195.0 243.0 799.0 61.0 magis eſſent ὑδροπόται: quæ laus eſt Muſa¬

194.0 292.0 796.0 59.0 rum apud Ethnicos, ideo fontes limpidos

196.0 344.0 786.0 51.0 & fluminum tractus accolebant. Hodie res

196.0 392.0 782.0 56.0 conuerſa eſt, ideo obſeruent noſtri οἰνοπόται,

197.0 439.0 793.0 60.0 cõcedi illis in perſona Timothei paululum

198.0 488.0 794.0 63.0 vini, vt pitiſsãdo magis & guſtãdo illo vtãtur

197.0 541.0 798.0 58.0 quàm replẽdo & ingurgitãdo: nec minus eſt

193.0 590.0 799.0 54.0 hoc peccatum in exceſſu quàm quod in Ti¬

195.0 639.0 800.0 53.0 mot heo timebat Apoſtolus in defectu, aquæ

197.0 686.0 800.0 59.0 potione reddebat, ſed languidum & ob id

192.0 735.0 805.0 58.0 inutilem. Sic noſtri vini potione reddunt ſe

192.0 785.0 803.0 60.0 morbidos, podagricos, chiragricos, fræneti¬

195.0 835.0 801.0 60.0 cos, & aliis morbis ſeſe corrumpunt: in quo

193.0 886.0 803.0 58.0 multiplex eſt peccatum. Peccant in vinum

193.0 935.0 801.0 58.0 ipſum, nimis exquiſito vtentes, quum vul¬

198.0 983.0 796.0 59.0 garia illis non ſapiant, niſi bis peregrina.

195.0 1033.0 802.0 57.0 Deinde exẽplo peſsimo aliis præsũt, luxu &

193.0 1079.0 802.0 57.0 deliciis effœminati. Tertiò, in ſuamet corpo¬

192.0 1128.0 803.0 57.0 ra quæ morbis corrũpunt. Demũ in officium

191.0 1176.0 802.0 58.0 ſuum & Eccleſiam, qui redduntur inhabiles

201 1221 634 58 & inutiles, interim ſaginandi otioſi.

239.0 1271.0 748.0 68.0 Ratio Apoſtoli eſt, contra aquæ potionem

190.0 1323.0 784.0 60.0 accommodata, PROPTER STOMACHVM,

189.0 1374.0 792.0 59.0 inquit, TVVM, quia ſcilicet is frigiditate a¬

189.0 1423.0 795.0 60.0 quæ corruptus etiam concoctionis officium

190.0 1474.0 793.0 66.0 non præſtabat: hinc varii morbi & ex mor¬

932 1528 51 67 bis
