1056 1747
129.0 46.0 663.0 60.0 IN I. EPIST. AD TIMOTH.

825.0 29.0 32.0 78.0 25

57.0 108.0 801.0 48.0 fideles, vt ipſi magni doctores habeantur,

63.0 147.0 796.0 59.0 Rabbi dicantur, & magiſtri, quos confutat

65.0 194.0 793.0 61.0 D. Chriſtus Matth.23. Deinde cum hac ambi¬

64.0 248.0 791.0 56.0 tione coniuncta eſt inſignis ignorantia, quæ

66.0 295.0 792.0 59.0 vbique quidem turpis eſt, turpiſsima autem

65.0 344.0 794.0 59.0 in his qui religionis volunt eſſe doctores. Sic

69.0 394.0 790.0 59.0 ad Gal.6. ver.13. Volunt vos circuncidi vt de

79.0 441.0 779.0 60.0 carne veſtra gloriẽtur. Et paulò antè, Volunt

85.0 491.0 773.0 58.0 ſpecioſi videri: & hoc loco ambitionem in

88.0 538.0 765.0 61.0 eis notat. Ignorantia duobus modis notatur,

90.0 592.0 762.0 57.0 μὴτι ἂ λέγουσι, μὴτε περι τίνων διαβεβαιοῦνται.

90.0 638.0 766.0 59.0 Prius refero ad illorum explicationes de vſu

93.0 690.0 760.0 58.0 Legis, ceremoniarum, circunciſionis, lotio¬

87.0 738.0 769.0 57.0 num, ieiunorum, & ſimilium, in quorum lau¬

84.0 786.0 770.0 60.0 des & commendationes prolixè ſolebant de¬

82.0 836.0 775.0 52.0 clamare. Poſterius vero, περὶ τίνων, ad locos

79.0 882.0 776.0 56.0 controuerſos cum Apoſtolo, vt de ſatisfactio¬

82.0 931.0 772.0 60.0 ne Chriſti, de merito mortis eius, de abroga¬

91.0 983.0 766.0 57.0 tione ceremoniarum, de circunciſione aboli¬

94.0 1030.0 761.0 59.0 ta, de vocatione Gẽtium ad gratiam. Vtrun¬

101.0 1081.0 756.0 58.0 que ignorant, hoc eſt, cauſas rerum tantarum

96.0 1128.0 760.0 60.0 neſciunt, vt cur data ſit Lex, ad quid profue¬

94.0 1179.0 763.0 61.0 rit circunciſio, quare Chriſtus aduenerit: in

93.0 1251.0 514.0 37.0 ſumma cauſas veras ignorant.

134.0 1276.0 722.0 60.0 Inde fit vt tanquam cæci contendant de

85.0 1329.0 773.0 55.0 rerum vmbris, corpus ipſum interim amit¬

79.0 1375.0 780.0 58.0 tunt. Ac eſt illa ignorantia diſtinguenda: in

77.0 1423.0 781.0 60.0 aliis enim fuit affectata & craſſa, vt adhuc eſt

77.0 1475.0 777.0 71.0 in multis, qui agnitæ veritati contumaciter
