1069 1743
130 52 637 54 IN I. EPIST. AD TIMOTH.

825.0 57.0 39.0 49.0 55

58.0 101.0 808.0 66.0 minandi, vult enim videri tanquam & ipſa

63.0 149.0 132.0 63.0 ſapiat.

104.0 202.0 751.0 57.0 De priori inquit, IN AMICTV HONESTO,

60.0 246.0 804.0 62.0 ſcilicet orare illas volo: καταστολὴ dicitur ſto¬

57.0 300.0 807.0 61.0 la qua totum corpus tegitur vndique, ne quid

53.0 349.0 807.0 59.0 indecorum compareat. Interim eis concedit

55.0 399.0 804.0 60.0 mundiciem, non enim vult ſordidas, ſed in

58 441 661 73 mundicie pietatis ratio habenda eſt.

94.0 498.0 765.0 59.0 Deinde, ADSIT EIS αἶδος, PVDOR, oratio

67.0 544.0 791.0 63.0 elegantiſsima eſt, quæ pudicam monſtrat

65.0 595.0 785.0 66.0 mulierem, ne ſit effrons, ne deponatur rubor,

71 637 398 64 ſed potius declaretur

107.0 693.0 747.0 61.0 Tertiò, adſit ſobrietas, quæ cuſtos eſt pu¬

68.0 742.0 787.0 62.0 doris, Græcis dicta etiam ὅτι σώζει τὴν φρώνησιν¬

63.0 795.0 792.0 57.0 σιν, ſapient iam ſeruat ſobrietas in omni qui¬

60.0 841.0 706.0 60.0 dem ſexu, imprimis tamen in muliebri.

92 889 761 62 Sequũtur deinceps notæ luxus, vt eſt πλé¬

60 940 792 63 γμα, hoc eſt, crinium ornatus tortus, quum

59 989 790 60 inſtar torui incuruatur pilus, ſub quo omnis

60 1037 792 63 crinium fucus facilè poteſt intelligi; ſed po¬

60 1090 792 59 teſt πλέγμα quoque accipi de ornatu ve¬

58 1136 795 62 ſtium, vnde nos dicimus plegij: luxuriat enim

57 1186 793 62 muliebris veſtitus in primis hoc modo, vt

55 1233 794 63 fimbriis varia plicatura addatur: plegij vndenn

52 1281 792 58 Zũ vndenn, in mittenn vff den roskẽ obenn ſicleit mitt ſiluneẽ:

47 1323 801 59 alſo vff den ermtenn, golleamm: ſint πλέγματα, ſchnur ſpi

47 1367 799 58 zlii, & ſimiles nugæ, tamen adauctũ eſt, hoc lo¬

49 1417 797 85 co nobis dici,mu blegij, vomi belegenn nõ à Græco;

591 1469 35 54 D

667.0 1465.0 13.0 94.0 4
