1083 1745
128 50 658 54 IN I. EPIST. AD TIMOTH.

832 49 50 61 165

66 120 811 39 quain venturuin, ſed tempora nondum eſſe

66.0 150.0 811.0 59.0 completa, quæ vbi curſum abſoluerint, indu¬

70.0 197.0 807.0 59.0 bitanter aderit iudex. Iudicium hîc commẽ¬

72.0 247.0 801.0 60.0 ditur à maieſtate authoris. Explicãtur igitur

69.0 295.0 807.0 60.0 hîc encomia diuinæ maieſtatis. Primùm μα¬

67.0 345.0 809.0 55.0 κάριος dicitur natura ſua, quia hanc in ſua ha¬

67.0 394.0 809.0 59.0 bet poteſtate: deinde effectiuè, quia nos infe¬

71.0 444.0 803.0 59.0 lices beatos reddit: denique quia à nobis de¬

69.0 494.0 805.0 54.0 bitis laudib.ornatur propter beneficium re¬

66.0 542.0 807.0 59.0 demptionis. Secundo loco dicitur SOLVS PO¬

69.0 591.0 807.0 59.0 ΤEης, δυνάςτης dicitur reſpectu impiorum &

68.0 640.0 807.0 57.0 Satanæ, quos refrenat & ſua potẽtia ſuperat.

76.0 689.0 793.0 60.0 Δύνω enim eſt ὁπλίζω: dicitur igitur δυνάςτης,

75.0 738.0 799.0 59.0 quia vitæ & necis plenum habet ius, & qui¬

72.0 786.0 796.0 61.0 dem ſolus: nam quidquid vitæ & imperii eſt,

69.0 835.0 806.0 59.0 id totum à Deo deſcendit. Tertio, REX RE¬

70.0 884.0 804.0 60.0 GVM. Regis nomen Deo rectè tribuitur pro¬

69.0 934.0 805.0 59.0 pter patrocinium quod ſuis præbet: ad hunc

65.0 983.0 810.0 61.0 enim refugium habent, & in eo quærunt &

64.0 1032.0 809.0 59.0 reperiunt fundamentum: quò facit etiam no¬

66 1082 807 60 minis ratio: Βασιλεὺς enim dicitur quaſi τοῦ

69.0 1158.0 574.0 34.0 λαοῦ βάσις, id certè agnoſcunt pii.

111 1179 762 61 Quarto, DOMINVS DOMINANTIVM: Κύ¬

70 1231 803 56 ριος oecconomicum eſt vocabulum, nam vxor

68.0 1279.0 807.0 58.0 & liberi propriè patremfamiliâs κύριον vocãt:

62.0 1327.0 812.0 60.0 ſerui verò δεσπότην. Agnoſcunt igitur ſancti

59.0 1375.0 813.0 59.0 Deum κύριον, hoc eſt, rectorem Eccleſiæ ſuæ,

59.0 1427.0 702.0 62.0 qui alias dominationes omnes ſuperat.

130 1477 740 77 Quinto, QUI SOLVS HABET IM¬

637.0 1523.0 10.0 63.0 L

684 1534 19 67 3
