1063 1743
205 72 50 43 132

392 39 449 78 COMMENTARII

200 113 811 57 h.c.præſidẽ. Non poteſt igitur ab vna Eccle¬

201 158 812 65 ſia duplũ accipere ſtipendiũ. Altera eſt ſen¬

203 213 812 58 tẽtia inter pretantiũ duplicẽ honorẽ: primùm

202 260 811 55 de liberali victu, qui honor primus eſt: deinde

202 308 807 62 de honeſtis ſententiis de pio miniſtro, qui al¬

202 358 802 57 ter honor eſt: ac ſi dicat pium miniſtrũ beni¬

206 403 801 64 gnè non ſolùm alendum, ſed etiã honeſto ha¬

204 453 811 68 bendũ loco, piè de ipſo & honorificè loquen¬

206 509 811 62 dũ, quæ ſententia vera eſt. Mihi tamẽ placet

205 558 810 61 tertia: nã more Scripturæ duplum dicitur a¬

205 604 814 64 bundãs, & pleniore mẽſura traditũ, vt Matt.

205 656 816 60 23.ver.15. De hypocritis dixit Chriſtus quod

206 704 816 61 ſuos proſelytos faciant filios gehennæ duplo

206 752 813 61 ipſis maiores. & Apocal.18. De Babylone ait,

207 799 810 69 Duplicate illi dupla ſecũdum opera eius. h.e.

213 853 806 64 pleniore menſura puniatur vt promeruit. Ita

212 900 808 67 duplicatum accipio honorem, hoc eſt, beni¬

214 951 808 64 gné & plenius præſtitum, quod fit vno ſtipẽ¬

211 998 813 66 dio hilariter ſoluendo, promptè & benigne

216 1045 525 70 alendo, ac vt par eſt colendo.

273 1102 529 58 18 Dicit enim Scriptura, &c.

307 1144 713 69 Propoſitio expoſita eſt, in qua tria ſunt:

216 1196 805 65 primùm qui ſint liberaliter alẽdi, ſcil. quibe¬

212 1246 811 66 ne præſunt: deinde quomodo liberaliter du¬

216 1297 801 65 plicato honore: tertiò ad quos ſingulariter

213 1345 798 67 hoc ſpectat: ad eos qui in doctrina ſuã præ¬

212 1395 804 66 ſtant operam vigilanter. Nunc propoſitionis

214 1444 802 68 additur cõfirmatio a pronunciatis: éſtq. argu¬

212 1498 809 71 mentũ geminũ:primùm à veteri teſtamento

841 1551 178 65 deprom¬
