1085 1758
142 67 636 67 IN I. EPIST. AD TIMOTH.

837 86 35 53 83

79.0 121.0 800.0 69.0 & in epiſtola Iudæ verſu decimo octauo. Hîc

80.0 168.0 795.0 72.0 explicat oraculum per circunſtantias, tan¬

81.0 218.0 793.0 66.0 dem accommodat ad corruptæ doctrinæ

77.0 263.0 795.0 71.0 capita præcipua, qualia ſunt prohibere ma¬

73.0 312.0 798.0 70.0 trimonia, & ciborum diſcrimina inducere

71.0 361.0 492.0 61.0 contra Dei inſtitutionem.

114.0 411.0 756.0 71.0 Hæc proponit Timotheo non ſolùm ca¬

81.0 458.0 788.0 74.0 uenda, ſed vt alios de his quoque præmo¬

80.0 506.0 788.0 73.0 neat. Hinc tranſit ad alia præcepta, vt de a¬

79.0 554.0 787.0 74.0 nilibus fabulis cauendis, de exercitio veræ

84.0 605.0 782.0 71.0 pietatis, de officio miniſtri, quo debet in om¬

81.0 654.0 784.0 73.0 mbus virtutibus exemplar eſſe ſubditorunf:

78.0 706.0 786.0 72.0 nem de lectione, de non negligendis donis

76.0 754.0 786.0 74.0 Dei, & ſimilibus, quæ omnia ad vigilantiam

77 802 425 62 pios miniſtros excitant.

113.0 851.0 746.0 70.0 Propoſitio eſt, Timotheo & omni pio

60.0 901.0 798.0 69.0 miniſtro quàm vigilantiſsimè curandum eſt

60.0 952.0 796.0 67.0 ne qua labes contra ſanam doctrinam in¬

58.0 1001.0 797.0 72.0 uehatur in Eccleſiam Chriſti, quales tamen

57 1048 542 66 extabunt vltimis temporibus.

67.0 1101.0 785.0 67.0 Partes capitis tres ſunt. Prima, de ſtatu

53.0 1149.0 796.0 68.0 Eccleſiæ poſt ipſius Apoſtoli exitum. Al¬

55.0 1201.0 793.0 65.0 tera, de cauendis fabulis, & veræ pietatis

52.0 1248.0 793.0 68.0 vero exercitio. Tertia, epiſcopum per om¬

43.0 1300.0 801.0 62.0 nia exemplar debere eſſe omnium virtutum

34.0 1345.0 807.0 68.0 ſuis auditoribus. Cui adduntur quæ dam e¬

34.0 1396.0 810.0 65.0 tiam ſpecialia ad Timotheum ſic pertinen¬

33.0 1447.0 810.0 66.0 tia, vt in illius perſona omniũ miniſtrorum

34.0 1496.0 294.0 74.0 idea formetur.

605 1552 76 68 F 2
