1095 1755
170 52 647 59 IN I. EPIST. AD TIMOTH.

859 73 42 42 69

86 112 817 53 calumnias. Geminum autem poteſt eſſe vel

79 153 823 64 à domeſticis fidei, id non requirit hîc, quan¬

81 206 821 59 quam prorſus ſit neceſſarium: conſiſtit au¬

79 253 824 62 tẽ id in ſuperiorib. virtutib. de quib. teſtabũ¬

80 303 821 53 tur domeſtici fidei. Aliud teſtimoniũ petitur

86 353 814 60 ab externis, h.e. ab incredulis adhuc cũ quib.

89 402 812 60 priùs vixit. Hoc neceſſarium eſt ob ſequentes

91 456 809 54 cauſas. Primùm NE INCIDAT IN EX¬

100 506 801 55 PROBATIONEM DIABOLI, hoc eſt, ne prius

101 553 798 57 vitæ genus illi in probrum cedat: exprobra¬

98 598 802 62 bitur illi ſi mala vita prior fuit, vt ſi fuerit ſcor

101 651 798 57 tator, fur, vſurarius, aut tale quid, id totum ca¬

101 702 799 55 det ei in ὀνειδισμόν, in exprobrationem in no¬

99 751 800 57 ua religione. Deinde, NE CADAT IN LA¬

104 800 797 57 QVEVM DIABOLI, hoc eſt, vt vitæ genus

95 844 807 61 prius ei ſit impedimento in officio ſuo, de¬

92 897 812 59 trahetur aliquid de autoritate ſua, quæ vt vi¬

92 946 811 64 tentur petendum eſt teſtimonium ab exter¬

91 996 810 56 nis. Hactenus de virtutibus epiſcopi, hoc eſt,

90 1044 809 59 boni & idonei miniſtri, quas hoc ordine dige¬

92 1092 809 58 remus in bono & idoneo miniſtro, aliæ virtu¬

95 1142 808 60 tes ſunt inſitæ, aliæ externæ. Inſitas voco

100 1190 801 63 quæ in ipſius ingenio quæruntur & mori¬

93 1241 811 59 bus. Externas verò, quæ in aliis cùm ſint

89 1287 812 60 illi cedunt ornamento. Inſitæ vel ſunt fa¬

84 1334 817 66 cultatis vel aſſuefactionis: facultas aut eſt do¬

83 1387 817 61 ctrinæ, aut gubernationis doctrinæ facultas

84 1439 812 58 eſt, vt ſit διδακτικὸς gubernationis, & ſuæ

87 1486 797 72 domui bene præſit, h.e.bonus ſit œonomus.

652 1534 20 60 E

712 1545 25 68 3
