1070 1767
218 78 39 41 128

380 70 451 49 COMMENTARII

211 122 798 55 ratione, & illatione. Propoſitio eſt, IVNIO¬

214.0 166.0 798.0 60.0 RES VITATO, hoc eſt, indignas iudica¬

211.0 217.0 798.0 56.0 to publico alimento & miniſterio Eccleſiæ,

207.0 267.0 801.0 57.0 item priuato & ſolitario colloquio ne viole¬

209.0 317.0 794.0 56.0 tur caſtitas: periculoſum enim eſt iuuenem

206.0 363.0 790.0 59.0 miniſtrum cum iuuencula vidua ſecretiùs a¬

208.0 414.0 789.0 59.0 gere, & familiariùs colloqui: proditur enim

208.0 462.0 794.0 63.0 pudor, & proximus eſt lapſus & periculũ ſcã¬

207.0 513.0 799.0 58.0 dali. Ratio eſt à communiter conſequentibus

209.0 560.0 798.0 59.0 vtplurimũ veris. Primùm.n.SOLENT LAS¬

207.0 612.0 795.0 57.0 CIVIRE CONTRA CHRISTVM, ET NVPTV¬

206.0 659.0 800.0 59.0 RIVNT MVTATO CON. quod quũ in Eccleſia

204.0 708.0 800.0 60.0 Chriſti ſine infamia non poſsint, cogitãt ple¬

199.0 756.0 803.0 61.0 nam defectionem a tota profeſsione Chriſti,

200.0 805.0 622.0 61.0 quod eſt laſciuire contra Chriſtum.

257.0 858.0 509.0 63.0 12 Habentes iudicium, &c.

298.0 912.0 702.0 62.0 Alterum argumentum ex ſuperiori na¬

198.0 963.0 802.0 59.0 tum: fidem primam abnegarunt, ergo cauẽ¬

198.0 1010.0 804.0 60.0 dæ ſunt. Item, habent iudicium, hoc eſt, dam¬

196.0 1061.0 804.0 59.0 nabiles ſunt : igitur cauendæ. Κρῖμα habent,

195.0 1110.0 807.0 58.0 hoc eſt, κατακρίμα, idque apud Deum, quem

192.0 1158.0 807.0 61.0 fallere non poſsunt. Deinde apud piam Ec¬

193.0 1207.0 806.0 60.0 cleſiam militantem, quomodo ſua petulantia

192.0 1252.0 803.0 69.0 offendunt. Denique apud Satanam cui parẽt,

198 1301 667 66 qui accuſator illarum erit apud Deum.

227.0 1354.0 753.0 62.0 Primam autẽ fidem accipio pro tota Chri¬

189.0 1404.0 792.0 61.0 ſtianiſmi profeſsione, quæ meritò prima fi¬

190.0 1450.0 796.0 67.0 des eſt, hoc eſt, prima fidei profeſsio. Idem

192.0 1500.0 792.0 78.0 Græcis dicitur πίςτις, hoc eſt, fidei profeſsio,

864.0 1570.0 121.0 59.0 quam
