1056 1743
191.0 49.0 46.0 40.0 10

372.0 30.0 466.0 60.0 COMMENTARII

186.0 91.0 797.0 59.0 ſeruet Apoſtolus: non fuit igitur ratio cur i¬

188.0 140.0 796.0 58.0 dem hîc non præſtaret. Itaque in rebus gra¬

189.0 188.0 795.0 61.0 uibus, loco & tempore pium eſt titulis ſui mu

190.0 238.0 735.0 56.0 neris ſeſe commendare & inſinuare aliis.

242.0 288.0 739.0 59.0 Primùm ſuum nomen exprimit: de nomi

189.0 334.0 787.0 63.0 ne Pauli diximus in Prolegomenis in Epi¬

191.0 385.0 779.0 61.0 ſtolam ad Rom. Certum autem eſt Roma¬

192.0 433.0 789.0 63.0 num eſſe nomen: quando autem hoc aſſum¬

196.0 485.0 789.0 62.0 pſerit, qua de cauſa, vti, certò ſciri non poteſt:

197.0 532.0 787.0 61.0 probabilia tamen ſunt quæ de his tum affere¬

195.0 585.0 792.0 58.0 bamus. omittenda igitur harum rerum gra¬

197.0 632.0 789.0 63.0 uior diſputatio, quia ad ſalutem nihil pro¬

197.0 683.0 789.0 66.0 deſt, & curioſi eſt hominis anxiè de his in¬

197.0 739.0 141.0 54.0 quirere.

227.0 780.0 758.0 62.0 Apoſtolus ſonat legatum, qui ſuperioris

199.0 832.0 787.0 61.0 alicuius domini profert, non ſua mãdata:éſt¬

199.0 885.0 783.0 58.0 que in nouo Teſtamento perſona cum ſum¬

198.0 933.0 789.0 58.0 mo imperio S. Sancti ad omnia quæ pertinẽt

199.0 978.0 790.0 58.0 ad functionem Eccleſiaſticam ornata: adeò

200.0 1032.0 790.0 61.0 vt Prophetarum etiam munere fungeren¬

198.0 1078.0 795.0 64.0 tur, & quidquid Euangeliſtæ, Epiſcopi, preſ¬

197.0 1129.0 795.0 61.0 byteri, aliíque gradus præſtarent, ipſi ordi¬

199.0 1180.0 793.0 53.0 narent, vbique docebant, nouas Eccleſias in¬

197.0 1226.0 794.0 58.0 ſtituebant his præficiebant miniſtros, ordi¬

197.0 1279.0 793.0 56.0 nabant interdum ſeniores, præſcribebant

197.0 1327.0 789.0 58.0 formulam doctrinæ & morum, & Sacramen¬

197.0 1379.0 788.0 54.0 torum. Itaque nullo certo loco manebant,

197.0 1422.0 792.0 64.0 ſed vbique reſpiciebant Eccleſias, nouáſque

199.0 1473.0 791.0 93.0 ordinabant. Paſtores verò in certis locis

861.0 1526.0 128.0 56.0 mane¬
