1058 1751
382 64 449 48 COMMENTARII

195 70 51 40 166

198 97 786 65 MORTALITATEM, & ſolus potens eſt,

201 144 789 69 non excludens alias potentias, ſic ſolus eſt

195.0 196.0 795.0 62.0 immortalis, hoc eſt, natura ſua, eámque ſic

200.0 247.0 790.0 63.0 poſsidet vt eam largiatur quibus velit: ſic

197.0 296.0 789.0 62.0 Angelicas naturas immortales fecit: hominis

197.0 344.0 784.0 66.0 animam: tandem etiam corpora poſt reſur¬

210 393 461 66 rectionem eadem ornabit.

247.0 445.0 735.0 61.0 Sexto, LVCEM INHABITANS IN¬

205.0 489.0 786.0 67.0 ACCES SAM: lucem dicit illam ineffabilẽ

204.0 540.0 784.0 63.0 vitæ æternæ beatitudinẽ, quam opponit te¬

201.0 589.0 789.0 64.0 nebris, hoc eſt, terrori & cruciatibus impio¬

201.0 639.0 791.0 63.0 rum: Deus igitur lux eſt, hoc eſt, ipſamet ma¬

202.0 688.0 792.0 62.0 ieſtas felicitatis, hanc poſsidet vt proprium

201.0 738.0 795.0 57.0 bonum. Ἀπρόσιτον autem dicitur, quia ratio

200.0 783.0 798.0 66.0 hominis & vis eloquendi hîc deficit: melius

202.0 830.0 798.0 68.0 & faciliùs dicimus quid non ſit, quàm quid

202.0 882.0 796.0 65.0 ſit. ſic 1.Corin.2.verſ.9. in cor hominis non aſ¬

203.0 934.0 795.0 61.0 cendiſſe, nec oculum vidiſſe, nec aurem au¬

204.0 980.0 796.0 64.0 diuiſſe illam maieſtatem diuinorum bono¬

203.0 1029.0 799.0 62.0 rum. Hinc eſt quod in rebus diuinis cæci ſu¬

201.0 1077.0 801.0 64.0 mus, quam infirmitatem hîc agnoſcere de¬

203.0 1126.0 803.0 55.0 bemus, inuia ſunt nobis omnia diuina & quid

204.0 1176.0 801.0 61.0 quid nobis hic contingit cognoſcendo, id to¬

205.0 1226.0 798.0 58.0 tum gratiæ Dei eſt. Agnouit hoc Ariſtoteles

204.0 1275.0 802.0 52.0 cùm diceret oculos noſtros cæcutire in rebus

204.0 1323.0 800.0 59.0 diuinis, quemadmodum noctuæ oculi in luce

204.0 1370.0 793.0 63.0 meridiana, ſed cauſam ignorauit, hãc nos do¬

206.0 1421.0 792.0 67.0 cẽt ſacræ literæ, peccatum ſcilicet, quod nos

208.0 1476.0 397.0 67.0 imagine Dei priuauit.

837.0 1517.0 168.0 75.0 Septimo
