1071 1739
159 42 645 55 IN I. EPSIT. AD TIMOTH.

84.0 91.0 802.0 60.0 σευχαῖς opponit ei quæ eſt σπαταλουσα, hoc eſt,

90.0 141.0 793.0 60.0 laſciuæ & petulãti. Vox deſumpta eſt à ſpa¬

93.0 192.0 789.0 57.0 thale, quæ ſignificat oruamenta muliebria,

92.0 239.0 788.0 60.0 qualia in brachiis & collo habent ſuperbulæ,

91.0 290.0 793.0 56.0 Hinc σπαταλᾶν, luxum prodere eiuſmodi or¬

89.0 337.0 797.0 62.0 namentis, id ſi faciant viduæ, indignæ ſunt

91.0 389.0 794.0 58.0 quæ alantur de publico, quia mortuæ ſunt

96.0 436.0 791.0 60.0 Chriſto. Viuens morrua dicitur, quia officio

95.0 485.0 790.0 62.0 ſuonon reſpondet: & viuum dicitur cadauer.

94.0 536.0 793.0 58.0 Chriſto mortua eſt & viuit mundo: hinc σπa¬

94.0 588.0 793.0 56.0 τᾶν, σπαθᾶν, & σπαταλᾶν, idem pro ἀναλίσκειν

95.0 633.0 791.0 57.0 ἀτάκτως, hoc eſt, ſumptus facere ineptè & laſ¬

98 684 789 58 ciuire: quale in illo Ariſtophanis notatur. ὦ

96.0 735.0 791.0 57.0 γύναι λίαν σπαθᾶς, ô mulier nimium laſciua

92.0 784.0 795.0 56.0 es. Σπαθα̃͂ς, hoceſt, τρυφᾶς: hinc etiam σπα¬

91.0 832.0 795.0 55.0 τάλν cibus delicacior προφὴ, aut in quo mores

86.0 880.0 801.0 58.0 ſunt petulantiores, quale eſt in illo Græco

84.0 932.0 803.0 58.0 carmine, Οἱ δὲ μύες νῦν ὀρχοῦνται, δρασάμενοι τῆς

89.0 978.0 797.0 65.0 σῆς σπατάλης, Mures nunc ſaltãt, fruentes tua

95 1026 551 63 ſpathale, hoc eſt, carne felium.

135.0 1099.0 417.0 42.0 7 Et hæc indica, &c.

170.0 1132.0 714.0 65.0 Repetitio eſt præcepti totum comple¬

91.0 1185.0 798.0 57.0 ctens. Duo autem exprimit: primo Timo¬

86.0 1229.0 801.0 62.0 theo non niſi idoneas admittendas eſſe: dein¬

84.0 1282.0 805.0 62.0 de hoc publicè proponendum vt viduæ tales

82.0 1331.0 806.0 58.0 ſint re ipſa inter Chriſtianos, quod vno ver¬

82.0 1379.0 806.0 59.0 bo dicit ἀνεπίληπτοι, irreprehenſibiles, hoc eſt,

85.0 1427.0 803.0 66.0 ſi ſuos habeant, ne petant de publico ali, piæ

86.0 1476.0 309.0 67.0 ſint non laſciuæ.

843 39 43 56 125
