1078 1740
216 60 48 54 88

410 53 464 52 COMMENTARII

210 117 799 51 ſcriptura nihil habet. Deinde eſt ψευδολογία,

213 158 796 58 quando Scripturæ alius aſſuitur ſenſus, quàm

210 205 794 61 ferat ſana doctrina, qualis eſt interpretatio

211 255 795 61 ſchiſmaticorum qui ad ſuas opiniones defen¬

210 307 791 59 dendas torquent loca Scripturæ, vt illud prin

210 352 789 62 cipium Ioannis, hodie quidam de principio

213 398 780 70 patefactionis & prædicationis per Apoſtolos

210 450 789 61 factæ interpretantur, qui ſenſus Spiritus S.

210 498 792 61 non eſt. Deinde hanc ψευδολογίαν proponũt

210 551 796 66 in hypocriſi, hoc eſt, fingunt perſonam ad

210 601 789 60 fallendum idoneam, aſſumunt zelum reli¬

213 649 792 67 gionis, gloriæ Dei, & ſimilia iactitant, quaſi

214 701 788 53 vindices ſint maieſtatis Dei Patris, quæ ma¬

208 743 796 67 lè tribuatur filio Chriſto, &c. Sic dæ mon ſo¬

208 794 793 65 let, non natiua prodit facie, hoc eſt, vt dici

208 845 782 67 ſolet, non niger, ſed ſpecie Angelica in pu¬

208 893 784 68 blicum prodit: Talis erat hypocriſis Phari¬

208 945 791 55 ſæorùm, hodie monaſtica vita abſorpta eſt

207 993 792 65 nefanda hypocriſi, ſub qua enormia latent

207 1041 789 63 ſcelera: talis cœlibatus, ieiuniorum, caſtitatis,

210 1091 788 63 votorum peregrinantium hypocriſis. Dici¬

206 1136 790 64 tur hypocriſis cùm aliud latet, quàm externa

204 1187 791 54 ſpecie hominum oculis offeratur, vt in co¬

204 1233 789 61 mœdiis perſonati homines prodeunt, qui

203 1284 790 63 habitum, ſermonem, geſtus, facta aliorum

203 1335 785 57 repræſentant, quos illi nunquam viderunt:

203 1384 782 70 tales ſunt iſti perſonati ſancti & Chri¬

201 1429 125 76 ſtiani.

853 1484 136 95 Tertiò,
