1063 1757
377 58 454 53 COMMENTARII

188.0 65.0 60.0 51.0 108

183 107 791 67 diocres ferri poſſunt, in ipſis excellentes de¬

182.0 157.0 795.0 66.0 bent eſſe. Hac vt ad mores principis totus

182.0 204.0 792.0 66.0 componitur orbis: ſic auditores facilè arri¬

185.0 252.0 787.0 74.0 pient paſtoris vitam, vt ſit populus qualis

183.0 303.0 783.0 64.0 eſt ſacerdos. Vt igitur moratus ſit, ſacer¬

183.0 353.0 778.0 65.0 dotem moratum eſſe oportet, & verè vó¬

185.0 401.0 778.0 66.0 μεν ἔμψυχον, vita debet eſſe lex. Id orditur

184.0 451.0 786.0 67.0 à doctrina : λόγον enim accipio, primùm pro

185.0 502.0 787.0 63.0 doctrina ſana quam profitetur publicè ne

185.0 548.0 787.0 68.0 obſcuret ipſam aut ſophiſticè implicet gry¬

188.0 599.0 785.0 69.0 phis non neceſſariis. Deinde ſermo quotidia¬

190 651 430 63 nus ſit caſtus & pudicus.

231.0 700.0 739.0 61.0 Deinde, SIT TYPVS ETIAM IN CON¬

191.0 748.0 787.0 62.0 VERSATIONE: duo ſumma ſunt capita, do

187.0 800.0 792.0 59.0 ctrinæ puritas, & vitæ innocentia:illam dixit

188.0 845.0 789.0 66.0 in genere λόγον. hanc dicit ἀναςτροφήν, qua cõ¬

193.0 898.0 782.0 61.0 plectitur totam vitam, quæ ſimpliciter de¬

190.0 945.0 789.0 61.0 bet eſſe inculpabilis, vt 1.Pet.2.ver.12. Apo¬

190.0 993.0 790.0 65.0 ſtolus Petrus quoque requirit à fidelibus om

189.0 1043.0 791.0 61.0 nibus: ideo hîc in miniſtro excellentia acci¬

195.0 1095.0 786.0 64.0 piuntur: virtus enim in auditoribus quoque

197 1136 653 64 requiritur, ſed excellentia in doctore.

251.0 1191.0 730.0 57.0 Tertiò, IN DILECTIONE, tum qua

193.0 1241.0 788.0 58.0 Dei amnorem teſtabitur, tum erga proxi¬

191.0 1289.0 784.0 59.0 mum benefaciendi & viuendi ſtudium,

194.0 1337.0 778.0 62.0 vt Deum ſupra omnia diligat: proximum

192.0 1388.0 775.0 64.0 autem vt ſeipſum, vel proximè ad hunc ac¬

193.0 1456.0 283.0 44.0 cedat gradum.

246.0 1486.0 724.0 76.0 Quartò, IN SPIRITV, hoc eſt,zelo pieta¬

916.0 1537.0 59.0 59.0 tis,
