1046 1753
375 62 451 59 COMMENTARII

211.0 86.0 37.0 40.0 44

202.0 115.0 786.0 65.0 cura ſanæ doctrinæ, quæ vtique prima eſſe

203 164 784 66 debet, ſed cum illa ſemper orationis haben¬

205 215 780 63 dam eſſe rationem: quod ita conſtanter ſem¬

206.0 263.0 778.0 69.0 per ſeruauit & adhuc ſeruet Eccleſia, vt nun¬

206.0 314.0 776.0 64.0 quam ad audiendum verbum cõueniat quin

208.0 363.0 768.0 65.0 preces ſimul tum ante ſanæ doctrinæ expli¬

206.0 411.0 774.0 65.0 cationem, tum etiam poſt illam, fundantur

207.0 464.0 781.0 61.0 ad Dominum. Particulam igitur πρῶτον πάν¬

210.0 512.0 784.0 60.0 των, ſimpliciter ad rei neceſsitatem refero &

210.0 560.0 784.0 66.0 coniungo explicationi ſanæ doctrinæ: aliis

210.0 610.0 781.0 63.0 etiam minutioribus cõuentum occupationi¬

211.0 657.0 785.0 68.0 bus præfero iſta duo. Hactenus propoſitio

222 715 572 60 quam explicatius priùs poſuimus.

260.0 758.0 732.0 62.0 Deinde ſequitur circunſtantiarum conſi¬

216.0 806.0 780.0 64.0 deratio, vt enim decenter & piè fiant, ſcire

215.0 856.0 775.0 66.0 oportet primò quid in oratione nobis ſit cõ¬

214.0 904.0 779.0 66.0 cipiendum. Id oſtendit Apoſtolus quadam

216.0 956.0 780.0 64.0 ſpecierum enumeratione. Ordiamur rem à

219 1009 235 57 toto genere.

262.0 1050.0 738.0 66.0 Oratio eſt actio piæ mentis confugientis

213.0 1106.0 791.0 59.0 ad Dominum pro remiſsione peccatorum &

215.0 1154.0 789.0 61.0 auxilio piè & feliciter quoque viuẽdi in hac

216.0 1209.0 785.0 56.0 terra. Species eius hîc exprimuntur qua¬

216.0 1254.0 785.0 58.0 tuor: δέησις orationis ſpecies eſt, qua animus

218.0 1305.0 780.0 61.0 petit à malis vrgentibus per Dominum li¬

214.0 1354.0 778.0 59.0 berari, nec refert vtrum malum hoc ad ip¬

217.0 1403.0 783.0 61.0 ſum, vel ad alium, adeóque totam Eccleſiam,

217 1450 409 66 aut Remp. concernat.

267.0 1498.0 735.0 72.0 Προσευχὴ autem eſt qua bona largiri nobis

843.0 1555.0 160.0 60.0 petimus,
