1078 1743
204 58 35 53 58

371 51 455 60 COMMENTARII

195.0 105.0 787.0 63.0 pientior & prudentior Eua: valet ratio in ea¬

191 156 792 59 dem ſpecie, alioquin infirma, cum pecudes

192.0 205.0 793.0 55.0 & plantæ ante Adamum conditæ ſint: ſed

191.0 254.0 790.0 56.0 in eadem ſpecie videtur Deus præſtantiora

194.0 303.0 786.0 63.0 primo loco condidiſſe, vt inter homines A¬

191.0 352.0 647.0 71.0 damum: Eua hoc gradu inferior eſt.

254.0 414.0 628.0 60.0 14 Et Adam non eſt deceptus, &c.

280.0 468.0 702.0 57.0 Altera ratio ab euentu, nam primi ho¬

190.0 517.0 795.0 58.0 minis imperium mulieri conceſſum infelix

187.0 567.0 800.0 59.0 fuit: igitur deinceps mulier ab imperio ſibi

190.0 617.0 794.0 55.0 caueat. ADAM NON DECEPTVS EST, ſcil.

193.0 667.0 789.0 59.0 primo loco, alioquin vtiq. deceptus eſt, ſed ſe¬

199 713 662 66 cundario loco, cuius culpam fert Eua.

254 778 472 61 15 Seruabitur autem &c.

280.0 830.0 705.0 60.0 Reſpondet obiectioni tacitæ: nam po¬

188.0 881.0 793.0 58.0 ſterius argumentum ſumptum erat à lapſu,

188.0 929.0 791.0 59.0 & ſignificationem habebat pœnæ: nam ob il¬

187.0 978.0 796.0 59.0 lam infelicitatem conſilii Euæ, pœnæ loco

187.0 1029.0 792.0 56.0 mancipata eſt in ſeruitutem quodammodo

191.0 1075.0 796.0 58.0 viri. Nunc cogitabit mulier, ergóne miſe¬

187.0 1124.0 798.0 58.0 ra eris ſemper & damnata ob infelicitatem

187.0 1171.0 798.0 62.0 illam? Reſpondet Apoſtolus, caſus quidem

185.0 1220.0 798.0 63.0 miſerãdus eſt qui dominandi ſtudium meri¬

187.0 1269.0 796.0 62.0 tò poſsit diſſuadere: interim tamen paratũ eſt

184.0 1320.0 793.0 61.0 huic quoq. remedium, commune ſcil. in Chri¬

184.0 1368.0 786.0 64.0 ſti merito. Deinde pœnæ loco impoſitum,

184.0 1420.0 789.0 56.0 quas pœnas ſi patienter ferat, ſaluti ſuæ con¬

179.0 1466.0 796.0 79.0 ſulit: illud poſterius eſt τεκνογονία, ſic infrà 5.

880.0 1527.0 85.0 58.0 cap.
