1075 1739
201.0 63.0 47.0 51.0 16

365.0 54.0 449.0 56.0 COMMENTARII

198.0 107.0 790.0 61.0 ignorat mundus, ridétque pios vt ſtupidos,

197.0 159.0 791.0 53.0 ac ſtultè transfert nomen felicitatis ac pacis

198.0 205.0 790.0 61.0 ad externa quædam ſubſidia opum, gloriæ,

196.0 256.0 791.0 62.0 formæ, roboris, ſanitatis & ſimilium, in qui¬

197.0 308.0 787.0 58.0 bus nihil nec ſpei, nec conſtantiæ reperiri

202.0 356.0 775.0 61.0 poteſt in veris animi terroribus & ærumnis.

253.0 407.0 586.0 69.0 3. Quemadmodum te rogaui.

247.0 459.0 741.0 61.0 Secunda pars epiſtolæ, quæ complectitur

198.0 509.0 795.0 60.0 inſtructionem ſecundum quam Timotheus

197.0 555.0 796.0 65.0 omnia in Eccleſia Epheſina debet quàm vi¬

198.0 602.0 473.0 70.0 gilantissimè adminiſtrare.

239.0 655.0 752.0 61.0 Ac primus eius locus eſt, de ſana doctri¬

199.0 709.0 797.0 59.0 na retinenda ac propaganda: cuius illa hîc

197.0 758.0 794.0 56.0 ſunt membra. Initio quomodo hæc defen¬

199.0 805.0 788.0 61.0 denda ſit, & quæ ſint præcipuæ eius labes.

199.0 855.0 791.0 64.0 Deinde, agit de vero vſu Legis. Tertiò, de

198.0 909.0 790.0 60.0 ſua vocatione & doctrinæ veritate. Quartò,

196.0 955.0 795.0 60.0 hinc erumpit in δοξολογίαν Dei. Quintò, re¬

198.0 1008.0 797.0 57.0 dit ad Timotheum, quem nouis argumentis

197.0 1054.0 798.0 59.0 excitat ad vigilantiam in officio adhiben¬

197.0 1105.0 796.0 60.0 dam. Hæc quinque membra huius loci ſunt.

203.0 1164.0 514.0 48.0 Nos de primo nunc agemus.

255.0 1200.0 735.0 61.0 Propoſitio eſt, Timotheo & omni Eccle¬

195.0 1250.0 798.0 62.0 ſiarum miniſtro quàm ſtudioſiſsimè curan¬

196.0 1301.0 795.0 62.0 dum eſt, vt ſanam doctrinam contra quaſuis

196.0 1351.0 788.0 60.0 corruptelas quàm conſtantiſsimè tueantur.

197.0 1400.0 790.0 60.0 Et quia Apoſtolus hoc mandaturus eſt, priùs

196.0 1450.0 795.0 58.0 idoneam perſonam ei Eccleſiæ præfecit.

197.0 1495.0 797.0 74.0 Ideo diſcimus omnibus Eccleſiis (vt ſint

843.0 1549.0 162.0 78.0 tutiores
