1099 1736
141 53 640 54 IN I. EPIST. AD TIMOTH.

829 47 48 61 161

63 98 815 65 has virtutes nunquam planè à nobis in hac

70.0 149.0 806.0 68.0 vita poſsideri: ſed ex parte, ſempérque fuga¬

71.0 202.0 804.0 69.0 ces in nobis eſſe, vt perpetua venatione & in¬

73.0 250.0 347.0 61.0 ſecutione ſit opus.

124 313 637 54 12 Decerta bonum certamen, &c.

153.0 355.0 713.0 61.0 Secundo loco proponit illi agoniſtica.

67.0 406.0 804.0 62.0 quæ ad officium Eccleſiaſticum propriè etiã

68.0 457.0 799.0 65.0 ſpectant. Agonem vocat fidei, officium ipſius,

60.0 512.0 805.0 55.0 quo fides imprimis ornatur & promouetur,

60.0 558.0 806.0 59.0 & rectè quidem:vita enim hominis pii per ſe

62.0 607.0 805.0 60.0 dicitur & militia, magis igitur miniſtri vita

62.0 655.0 803.0 60.0 talis videri debet, qui no ſimpliciter Chriſto

67.0 705.0 797.0 59.0 militat, ſed inter anteſignanos poſitus eſt.

69.0 755.0 793.0 58.0 Hoc igitur vult Apoſtolus, vt Timotheus

58.0 803.0 803.0 62.0 ſuæ vocationi diligenter inſeruiat. Vocat au¬

59.0 853.0 804.0 56.0 tem καλόν ἀγῶνα, vt rei honeſtate & ſimul

56.0 902.0 806.0 57.0 difficultate ad vigilãtiam excitet: ſunt enim

60 943 562 74 καλὰ honeſta & ſimul difficilia.

108.0 993.0 746.0 70.0 Tertio loco proponit ei apprehendenda,

51.0 1051.0 806.0 59.0 ad quæ tanquam vltimum finem reſpiciat,

51.0 1102.0 809.0 57.0 quo pertinet vita æterna: nam iſta laborum

52.0 1153.0 808.0 56.0 omnium præmium & finis tandem erit. Di¬

55.0 1200.0 805.0 57.0 citur vita æterna ſtatus iſte, in quo ad imagi¬

56.0 1250.0 805.0 57.0 nem Dei reſtituemur, quæ hîc incipit per re¬

55.0 1300.0 804.0 59.0 generationem, perficitur poſt mortem. Hæc

41.0 1346.0 817.0 62.0 reſtitutio & reparatio naturæ ſecundum pri¬

37.0 1392.0 823.0 63.0 mam conditionẽ nobis ardenter eſt affectan¬

35.0 1441.0 823.0 64.0 da. Ratio eſt, quia ad hanc vocati ſumus, ideo

34.0 1492.0 820.0 78.0 toties dicitur vt dignè Deo & vocatione no¬

631.0 1538.0 36.0 69.0 L
