1078 1747
208 73 59 46 116

417 351 579 61 RADIT hoc cap. diuerſas regulas

420 400 579 59 ipſi Timotheo, quas in admini¬

413 453 595 55 ſtratione officii ſui ſequatur etiã

415 499 588 61 oportet, is, cui Eccleſiarum Chri¬

212 552 795 56 ſti cura eſt deputata. Initio, vt doctrina fru¬

215 597 791 62 gifera ſit oſtendit: quomodo cuiuſque æta¬

212 647 796 59 tis, & ſexus homines officii admonere debeat,

212 697 798 58 ſcilicet ſumma cum lenitate, ne quod odium

215 748 794 60 priuatum ſeſe in corripiendo, aut arrogantia

221 794 296 56 iuuenilis prodat.

407 65 450 54 COMMENTARII

215 487 181 77 T

450 255 274 63 CAPVT V.

266 843 740 59 Deinde tranſit ad curam viduarum, docẽs

216 897 789 58 quæ de publico ali debeãt, quæue non: item

215 944 791 57 quales ad miniſteriũ pauperum admittenda

218 989 785 59 ſint, vt conuerſatio illarum ſcandalo careat.

274 1042 733 64 Tertiò, agit de presbyterorũ cura & pro¬

225 1086 143 64 uiſione.

264 1134 737 67 Quartò, de peccantibus, quomodo feren¬

214 1204 331 40 dum fit iudicium.

267 1232 736 67 Quintò, de impoſitione manuum admo¬

224 1282 609 64 net ipſum, vt ſit cautus & prudens.

266 1338 734 55 Sexto, priuata adiicit, de curanda valetu¬

215 1382 785 66 dine in tot laboribus. De his ferè diſputatur

216 1447 340 50 hoc capite quinto.

267 1482 746 70 Propoſitio in ſingulis locis quærẽda & con

832 1533 187 70 ſtituenda
