1095 1743
186.0 71.0 35.0 47.0 14

349.0 53.0 459.0 55.0 COMMENTARII

181.0 107.0 797.0 59.0 Ac fides accipiatur pro tota religionis cauſa

182.0 156.0 796.0 61.0 q.d.in religione Chriſtiana, in Chriſtianiſmo

184.0 206.0 253.0 56.0 filius meus eſt.

231.0 253.0 746.0 56.0 His laudibus illum ornat vt beneficiorum

183.0 303.0 791.0 59.0 Dei eum admoneat: nihil enim hîc comme¬

181.0 349.0 791.0 66.0 morat de quo per ſe Timotheus gloriari poſ¬

182.0 401.0 792.0 61.0 ſit. Deinde admonitus de his donis, eò ma¬

187.0 451.0 792.0 60.0 gis inflammabitur, & excitabitur ſtudio ea

185.0 501.0 795.0 59.0 retinendi, & erat amoris teſtificatio quoque

185.0 553.0 797.0 52.0 non contemnenda: ſolent enim amici in a¬

185.0 600.0 798.0 62.0 micis libenter agnoſcere virtutes, eáſque

184.0 646.0 250.0 70.0 magi facere.

242.0 708.0 490.0 51.0 Gratia, miſericordia & pax..

264.0 755.0 717.0 53.0 Tertius locus ſalutationis, continẽs com¬

190.0 806.0 793.0 62.0 precationem. Porrò tria comprecatur prop¬

188.0 857.0 796.0 58.0 ter morem hactenus vſurpatum in ſuperio¬

187.0 903.0 798.0 60.0 ribus epiſtolis, fortè amoris vehementia er¬

197.0 957.0 790.0 55.0 ga Timotheum excitatus: ſunt autem omnia

190.0 1006.0 790.0 52.0 tria conſeruantia dona Dei in Timotheo,

190.0 1052.0 800.0 59.0 adeóque talia ſine quibus munus in Eccleſia

193.0 1101.0 686.0 61.0 Epheſina non poſsit vtiliter expedire.

234.0 1152.0 758.0 57.0 Xάρις, gratia, eſt vltronea Dei beneuolẽtia

192.0 1202.0 800.0 55.0 in Chriſto amplectentis nos nihil tale me¬

191.0 1249.0 799.0 60.0 ritos. Ratio eſt, quia gratis facere dicuntur,

194.0 1301.0 795.0 60.0 quando rogati, non pro re aliqua, aut vt ſibi

194.0 1348.0 792.0 59.0 quicquam qui faciunt ſubueniant, ſed ei ſo¬

193.0 1400.0 793.0 51.0 lùm cui faciunt: ideóque vltronea eſt bene¬

196.0 1448.0 735.0 58.0 uolentia, alioquin gratia non eſſet gratia.

199.0 1496.0 795.0 70.0 Ἔλεος , miſericordia eſt. Apud Hebr. Chéfed &

870.0 1547.0 121.0 55.0 Rechem,
