1007 1759
217 90 50 41 144

402 70 452 58 COMMENTARII

213.0 124.0 759.0 58.0 ſtolus hunc ordinem ſeruat. Initio dat præce

214.0 171.0 758.0 65.0 ptũ quod ſeruis eſt ſequendum: mox addit

215.0 225.0 754.0 61.0 præcepti rationem: tertiò reſpondet impa¬

212 273 756 59 tientiæ ſeruorum, de fidelibus dominis ex¬

212.0 324.0 754.0 57.0 cipientium : quartò, hoc ipſum firma ratione

215.0 373.0 746.0 57.0 probat: quintò demum concludit locum.

211.0 424.0 752.0 63.0 Sunt illa, πρότασις, αἴτιον, ἀνθυποφορὰ, κατασκευὴ,

220 471 268 58 & συμπέρασμα.

250.0 512.0 717.0 69.0 Propoſitio eſt in illis verbis, QVICVNQVE

216.0 573.0 748.0 53.0 SVB IVGO SVNT SERVI, PROPRIOS HEROS

210.0 616.0 759.0 60.0 OMNI HONORE DIGNOS IVDICENT. Præce¬

210.0 661.0 759.0 64.0 ptum eſt, cuius ſententia ſit, ſerui dominis

208.0 716.0 764.0 56.0 ſuis officium ſuum omni reuerentia quàm

215 756 561 69 promptiſsimè debent præſtare.

253.0 808.0 717.0 62.0 Qui ſerui ſint deſcribit, οἱ ὑπὸ ζυγὸν, eos hu¬

203.0 858.0 768.0 63.0 militatis admonens à qualitate conditionis:

203.0 909.0 768.0 63.0 ſub iugo ſunt, igitur patientia opus eſt. Item

204.0 958.0 769.0 64.0 iugum hoc excuti propria authoritate non

204.0 1007.0 769.0 60.0 debet, quemadmodum iumenta ſubiugata

201.0 1055.0 771.0 60.0 non laudantur ſi excutiant illud aut recal¬

201.0 1101.0 770.0 65.0 citrent. Hoc agnoſcant ſerui, præſertim pie¬

202.0 1154.0 768.0 58.0 tatem profitentes. Deinde addita eſt clauſu¬

202 1205 770 60 Ia vniuerſalis ὅσι, admonens etiam eos qui

201.0 1255.0 770.0 59.0 ſunt quacunque ratione ſuperiori poteſtati

199.0 1300.0 768.0 63.0 ſubiecti, debere obedientiam præſtare his

202.0 1347.0 759.0 67.0 quibus ſubiecti ſunt, quales ſunt ſubditi er¬

201.0 1398.0 759.0 64.0 ga magiſtratum, famuli, ancillæ, clientes, di¬

199.0 1451.0 764.0 61.0 ſcipuli & ſimiles perſonæ. Obedientiam de¬

199.0 1499.0 769.0 98.0 bent his quibus Dominus eos ſubiecit, quos

854 1561 111 77 notan¬
