1073 1744
129 53 650 57 IN I. EPIST. AD TIMOTH.

814 45 48 66 157

74 113 796 54 originem ſignifieant: vt apud Pindarum de

68.0 152.0 803.0 63.0 Therone, quià Thæſandro genus duxit, ſcri¬

68.0 201.0 803.0 63.0 bitur, ὅτεν σπέρματος ἔχοντι ῥίζαν, vnde generis

70.0 253.0 799.0 58.0 habet radicem. Auaritia quoque aliorum vi¬

72.0 302.0 798.0 63.0 tiorũ reſpectu, origo & principium eſt:quem¬

69.0 353.0 801.0 55.0 admodum enim radix oris vicem habet, vn¬

70.0 400.0 800.0 62.0 de in reliquas plantarum partes pet ſtipitem

72.0 449.0 798.0 58.0 ſuccus nat uralis transfertur, & inde in mino¬

70.0 499.0 802.0 61.0 res partes ſeu foliorum ſeu fructuum diſtri¬

64.0 550.0 806.0 57.0 buitur: ſic auaritia materiam & alimentum

65.0 598.0 806.0 59.0 ſuppeditat malis omnibus. Nam auarus etiã

65.0 649.0 806.0 60.0 facilè fit periurus, facilè iniuſtus, impoſtor, ma

72.0 700.0 797.0 58.0 Iedicus, homicida, hypocrita, religionis veræ

70.0 747.0 798.0 59.0 abnegator, & nihil nõ faciet lucri cauſa. Hinc

66.0 795.0 803.0 61.0 ad Coloſſ.3. dicta eſt auaritia idololatria, &

65.0 844.0 804.0 63.0 ipſe auarus idololatra ad Eph. 4. quia opibus

62.0 894.0 806.0 65.0 tanquã Deo ſeruit. Et hîc Apoſtolus inquit,

66.0 947.0 806.0 60.0 QVOD AVARITIAE STVDIOSI QVI¬

59.0 996.0 812.0 62.0 DAM ABERRARINT A FIDE, quia nemo

63.0 1043.0 808.0 63.0 poteſt duobus dominis ſeruire, Deo & Mam¬

59.0 1091.0 810.0 63.0 monæ, qui & ipſe Deus haberi vult. Refera¬

63.0 1141.0 808.0 64.0 tur igitur & hoc ad effecta, auaritia euertit fi¬

65.0 1190.0 805.0 64.0 dem, & eſt cauſa vera infidelitatis: ergo ſtu¬

67.0 1243.0 805.0 60.0 diosè eſt cauẽda omni quidem pio, imprimis

66.0 1290.0 806.0 64.0 verò miniſtro Chriſti. Porro cautè loquitur

58.0 1340.0 816.0 62.0 Apoſtolus, τινὲς, inquit, non omnes igitur, at

53.0 1388.0 821.0 64.0 certè maior pars, quia Chriſtus dixit difficile

51.0 1437.0 824.0 63.0 eſſe talem ingredi in regnum cælorum, quod

52.0 1488.0 822.0 72.0 mox reſpectu Dei mitigat, apud quem omne
