1074 1745
214.0 57.0 32.0 56.0 98

384 42 457 63 COMMENTARII

201.0 110.0 812.0 48.0 mus. Eſt enim fabuloſum in doctrina vel fi¬

205 149 806 62 dei vel morum ac diſciplinæ. ſup. cap.1, verſ,

204.0 196.0 808.0 64.0 4.taxauit quoque fabulas, ſed ad doctrinam

204.0 248.0 806.0 61.0 fidei, illæ videbantur pertinere: nunc cùm i¬

204 295 803 64 terum damnet fabulas, & confirmet ſuum iu¬

202.0 347.0 799.0 61.0 dicium à ratione & fructu exercitiorum, con¬

203.0 392.0 797.0 63.0 ſequens hoc genus fabularum ad diſciplinam

208.0 444.0 797.0 61.0 vitæ ſpectare, Τυμνασία de omni dicitur, exer¬

204.0 491.0 803.0 65.0 citio quo corpus, vel mens aſsiduo ſtudio per¬

208 539 797 68 politur: ideocùm de diſciplina morũ loqua¬

208.0 591.0 800.0 63.0 tur, rectè corporalem addidit: qualia ſunt ex¬

203.0 639.0 803.0 64.0 ercitia, nudipedalia, humicubia, ieiunia, vigi¬

205.0 692.0 803.0 62.0 liæ, preces longiores & ſæpe iteratæ, peregri¬

202.0 738.0 807.0 63.0 nationes, & ſimilia quibus corpus propriè af¬

204.0 789.0 803.0 62.0 fligitur & caſtigatur. Tale exercitium fit ani¬

206.0 837.0 803.0 63.0 Ie deliramentum, ſi homines ſibi tale deligãt

202.0 883.0 807.0 69.0 ſine verbo Dei & ſtudio promerendi ſibi vel

207.0 937.0 802.0 60.0 aliis, gradum ad vitam æternam conſequen¬

205.0 982.0 805.0 69.0 dam. Valet hoc ſenſu Apoſtoli argumentù,

208.0 1040.0 804.0 45.0 AD PAVCA VTILIS EST EXER¬

211.0 1086.0 800.0 56.0 CITATIO CORPORALIS, hõc eſt,

204.0 1131.0 804.0 58.0 ſua natura ad tanta non valet quanta ſuper¬

205.0 1176.0 806.0 56.0 ſtitioſi ei conantur tribuëre: ergo vitium hoc

204.0 1221.0 804.0 67.0 cauẽdum eſt. Ὀλίγον illud quod ſit, facilè per¬

206.0 1271.0 801.0 63.0 ſpici poteſt ex operũ natura: vt ieiunium res

207.0 1320.0 799.0 64.0 per ſe bona eſt, prodeſt etiam corpori, ſed eſt

204.0 1371.0 797.0 59.0 tamẽ ὀλίγον, hie. res parua reſpectu eorũ quæ

203.0 1417.0 802.0 71.0 ei tribuũt ſuperſtitiõſi, ac ſanu reddit corpus

201.0 1468.0 802.0 92.0 ſobrietas, vigiliæ animum excitat ad orandũ.

856.0 1561.0 161.0 78.0 Aliquid
