<?xml version="1.0" encoding="UTF-8"?>
<alto xmlns:xsi="http://www.w3.org/2001/XMLSchema-instance"
      xmlns="http://www.loc.gov/standards/alto/ns-v4#"
      xsi:schemaLocation="http://www.loc.gov/standards/alto/ns-v4# http://www.loc.gov/standards/alto/v4/alto-4-2.xsd">
  <Description>
    <MeasurementUnit>pixel</MeasurementUnit>
    <sourceImageInformation>
      <fileName>bsb10313792_00102.jpg</fileName>
    </sourceImageInformation>
  </Description>
  <Tags>
    <OtherTag ID="BT7" LABEL="CustomZone" DESCRIPTION="block type CustomZone"/><OtherTag ID="BT8" LABEL="DamageZone" DESCRIPTION="block type DamageZone"/><OtherTag ID="BT9" LABEL="DigitizationArtefactZone" DESCRIPTION="block type DigitizationArtefactZone"/><OtherTag ID="BT10" LABEL="DropCapitalZone" DESCRIPTION="block type DropCapitalZone"/><OtherTag ID="BT11" LABEL="GraphicZone" DESCRIPTION="block type GraphicZone"/><OtherTag ID="BT12" LABEL="MainZone" DESCRIPTION="block type MainZone"/><OtherTag ID="BT13" LABEL="MarginTextZone" DESCRIPTION="block type MarginTextZone"/><OtherTag ID="BT14" LABEL="MusicZone" DESCRIPTION="block type MusicZone"/><OtherTag ID="BT15" LABEL="NumberingZone" DESCRIPTION="block type NumberingZone"/><OtherTag ID="BT17" LABEL="QuireMarksZone" DESCRIPTION="block type QuireMarksZone"/><OtherTag ID="BT18" LABEL="RunningTitleZone" DESCRIPTION="block type RunningTitleZone"/><OtherTag ID="BT19" LABEL="SealZone" DESCRIPTION="block type SealZone"/><OtherTag ID="BT20" LABEL="StampZone" DESCRIPTION="block type StampZone"/><OtherTag ID="BT21" LABEL="TableZone" DESCRIPTION="block type TableZone"/><OtherTag ID="BT22" LABEL="TitlePageZone" DESCRIPTION="block type TitlePageZone"/><OtherTag ID="BT1851" LABEL="MainZone-P" DESCRIPTION="block type MainZone-P"/><OtherTag ID="BT1852" LABEL="MainZone-Head" DESCRIPTION="block type MainZone-Head"/><OtherTag ID="BT1853" LABEL="MainZone-P-Continued" DESCRIPTION="block type MainZone-P-Continued"/><OtherTag ID="BT1854" LABEL="MarginTextZone-ManuscriptAddendum" DESCRIPTION="block type MarginTextZone-ManuscriptAddendum"/><OtherTag ID="BT1855" LABEL="text" DESCRIPTION="block type text"/><OtherTag ID="BT1856" LABEL="MainZone-Entry" DESCRIPTION="block type MainZone-Entry"/><OtherTag ID="BT1857" LABEL="MainZone-Entry-Continued" DESCRIPTION="block type MainZone-Entry-Continued"/><OtherTag ID="BT1877" LABEL="GraphicZone-Decoration" DESCRIPTION="block type GraphicZone-Decoration"/><OtherTag ID="BT1894" LABEL="MainZone-Other" DESCRIPTION="block type MainZone-Other"/>
    <OtherTag ID="LT7" LABEL="CustomLine" DESCRIPTION="line type CustomLine"/><OtherTag ID="LT8" LABEL="DefaultLine" DESCRIPTION="line type DefaultLine"/><OtherTag ID="LT9" LABEL="DropCapitalLine" DESCRIPTION="line type DropCapitalLine"/><OtherTag ID="LT10" LABEL="HeadingLine" DESCRIPTION="line type HeadingLine"/><OtherTag ID="LT11" LABEL="InterlinearLine" DESCRIPTION="line type InterlinearLine"/><OtherTag ID="LT12" LABEL="MusicLine" DESCRIPTION="line type MusicLine"/><OtherTag ID="LT636" LABEL="default" DESCRIPTION="line type default"/>
  </Tags>
  <Layout>
    <Page WIDTH="1085"
          HEIGHT="1770"
          PHYSICAL_IMG_NR="86"
          ID="eSc_dummypage_">
      <PrintSpace HPOS="0"
                  VPOS="0"
                  WIDTH="1085"
                  HEIGHT="1770">
        <TextBlock HPOS="216"
                   VPOS="80"
                   WIDTH="53"
                   HEIGHT="38"
                   ID="block_4"
                   TAGREFS="BT15">
          <Shape><Polygon POINTS="269 80 269 118 216 118 216 80"/></Shape>
          <TextLine ID="line_1"
                    TAGREFS="LT8"
                    BASELINE="223 102 270 100" 
                    HPOS="221.0"
                    VPOS="76.0"
                    WIDTH="49.0"
                    HEIGHT="42.0">
            <Shape><Polygon POINTS="260 78 250 78 241 78 231 78 221 78 223 102 223 118 270 114 270 100 267 76 260 76 260 78"/></Shape>
	    <String CONTENT="94"
                    HPOS="221.0"
                    VPOS="76.0"
                    WIDTH="49.0"
                    HEIGHT="42.0"
                    WC="0.999991238117218"></String>
          </TextLine>
        </TextBlock>
        <TextBlock HPOS="385"
                   VPOS="67"
                   WIDTH="456"
                   HEIGHT="44"
                   ID="block_0"
                   TAGREFS="BT18">
          <Shape><Polygon POINTS="841 67 841 111 385 111 385 67"/></Shape>
          <TextLine ID="line_0"
                    TAGREFS="LT10"
                    BASELINE="391 99 841 99" 
                    HPOS="389"
                    VPOS="64"
                    WIDTH="450"
                    HEIGHT="52">
            <Shape><Polygon POINTS="817 67 803 67 788 67 773 67 758 67 744 67 729 67 714 67 699 67 684 67 670 67 655 67 640 67 625 67 611 67 596 67 581 67 566 67 552 67 537 67 522 67 507 67 493 67 478 67 463 67 448 67 434 67 419 67 404 67 389 67 389 98 389 116 839 116 839 98 839 64 832 67"/></Shape>
	    <String CONTENT="COMMENTARII"
                    HPOS="389"
                    VPOS="64"
                    WIDTH="450"
                    HEIGHT="52"
                    WC="0.9998833428729664"></String>
          </TextLine>
        </TextBlock>
        <TextBlock HPOS="193"
                   VPOS="124"
                   WIDTH="833"
                   HEIGHT="634"
                   ID="eSc_textblock_7a810029"
                   TAGREFS="BT1853">
          <Shape><Polygon POINTS="207 124 193 758 1026 756 1026 124"/></Shape>
          <TextLine ID="line_2"
                    TAGREFS="LT8"
                    BASELINE="215 153 653 149 1017 155" 
                    HPOS="214"
                    VPOS="113"
                    WIDTH="803"
                    HEIGHT="61">
            <Shape><Polygon POINTS="942 113 932 113 922 113 912 113 903 113 891 121 891 122 836 122 836 121 818 113 814 113 804 113 794 113 784 113 775 113 765 113 755 113 745 113 735 113 725 113 716 113 706 113 696 113 686 113 676 113 675 113 668 118 651 113 647 113 637 113 636 113 612 120 604 116 603 116 602 116 601 116 600 116 593 121 592 122 517 122 516 121 503 113 499 113 489 113 482 113 441 118 428 113 421 113 414 113 402 116 386 113 381 113 371 113 370 113 360 121 359 122 280 122 278 121 264 113 263 113 254 113 238 121 215 121 215 153 214 169 311 173 312 173 333 169 351 166 359 169 366 173 367 173 368 174 400 174 400 173 401 173 415 169 433 164 500 164 510 169 511 170 512 170 513 170 514 170 523 169 557 164 667 164 679 169 689 173 690 173 691 173 755 169 773 168 787 169 840 173 841 173 842 173 843 173 848 169 851 167 869 169 910 173 911 173 912 173 926 169 941 164 1015 168 1017 155 1016 122 966 122 966 121 952 113"/></Shape>
	    <String CONTENT="eſt, quia ſic erit bonus miniſter. Ergo qui hoc"
                    HPOS="214"
                    VPOS="113"
                    WIDTH="803"
                    HEIGHT="61"
                    WC="0.9903575004415309"></String>
          </TextLine>
          <TextLine ID="line_3"
                    TAGREFS="LT8"
                    BASELINE="213 204 487 199 1016 204" 
                    HPOS="213"
                    VPOS="161"
                    WIDTH="803"
                    HEIGHT="61">
            <Shape><Polygon POINTS="213 204 213 221 362 221 362 220 412 214 454 221 457 221 458 221 466 221 598 214 610 220 611 220 612 220 613 220 631 214 662 221 663 221 663 221 664 221 674 214 713 219 714 219 715 219 735 214 765 222 767 222 768 222 769 222 773 222 804 215 818 222 819 222 820 222 821 222 824 222 861 215 882 220 883 220 884 220 885 220 896 215 993 215 1013 222 1016 204 1015 165 958 162 957 162 956 162 955 162 951 165 941 172 916 172 900 166 898 165 897 165 896 165 895 165 894 165 894 166 884 173 870 166 862 162 861 162 860 162 859 162 843 166 816 174 780 174 736 168 735 168 680 172 671 167 660 161 659 161 614 161 613 161 612 161 589 168 578 161 577 161 576 161 528 161 527 161 526 161 525 161 519 166 513 161 512 161 511 161 463 161 462 161 461 161 440 170 438 171 325 171 320 171 288 165 287 165 286 165 270 171 269 172 213 172 213 204"/></Shape>
	    <String CONTENT="negligit, non Chriſti eſt bonus miniſter, ſed"
                    HPOS="213"
                    VPOS="161"
                    WIDTH="803"
                    HEIGHT="61"
                    WC="0.9941249556011624"></String>
          </TextLine>
          <TextLine ID="line_4"
                    TAGREFS="LT8"
                    BASELINE="215 254 559 247 1011 250" 
                    HPOS="214"
                    VPOS="212"
                    WIDTH="797"
                    HEIGHT="62">
            <Shape><Polygon POINTS="215 254 215 269 388 265 405 270 406 270 407 270 429 265 443 271 449 273 450 273 451 273 452 273 458 271 470 265 480 271 481 272 482 272 482 272 483 272 484 272 488 271 501 267 529 271 549 274 550 274 551 274 558 271 574 264 589 270 590 270 591 270 663 265 670 270 671 270 672 270 673 270 712 266 764 272 782 274 783 274 783 274 787 272 803 264 861 263 903 273 904 273 905 274 1010 274 1011 250 1010 223 960 223 960 222 940 212 939 212 938 212 937 212 936 212 923 221 891 212 890 212 889 212 833 222 822 223 776 221 759 221 744 213 743 213 713 213 712 213 711 213 684 221 676 223 629 222 627 221 612 213 611 213 565 213 564 213 563 213 542 220 541 221 538 220 528 216 527 216 526 216 525 216 514 220 502 225 471 225 460 220 453 217 452 217 451 217 450 217 440 220 425 224 421 220 414 214 413 214 412 214 366 214 365 214 364 214 363 214 357 219 354 221 347 219 327 214 326 214 325 214 324 214 314 219 305 224 271 222 266 219 259 214 258 214 257 214 256 214 214 218 215 254"/></Shape>
	    <String CONTENT="Antichriſti, qui apoſtaticam ſequitur doctri¬"
                    HPOS="214"
                    VPOS="212"
                    WIDTH="797"
                    HEIGHT="62"
                    WC="0.9825697859128316"></String>
          </TextLine>
          <TextLine ID="line_5"
                    TAGREFS="LT8"
                    BASELINE="209 302 547 297 1008 301" 
                    HPOS="208"
                    VPOS="260"
                    WIDTH="800"
                    HEIGHT="63">
            <Shape><Polygon POINTS="209 302 208 316 218 322 219 322 220 322 221 322 275 316 276 316 309 322 310 322 334 317 418 322 419 322 448 317 458 316 477 318 516 321 517 321 565 318 607 316 623 319 640 322 641 322 642 322 649 319 658 316 735 320 780 322 781 322 782 322 786 320 798 316 831 321 835 321 836 321 842 321 901 316 909 322 910 322 911 322 912 323 1007 323 1008 301 1007 271 854 271 851 270 820 261 819 261 818 261 817 261 801 269 799 271 765 271 745 269 729 268 718 260 717 260 716 260 565 260 564 260 563 260 562 260 551 268 547 270 542 268 522 260 521 260 520 260 519 260 494 267 477 260 476 260 475 260 441 265 410 260 409 260 408 260 388 267 377 271 350 271 343 267 332 260 331 260 330 260 329 260 293 266 270 270 255 266 241 262 241 262 240 262 239 262 230 266 221 270 209 266 209 302"/></Shape>
	    <String CONTENT="nam. Deinde ſic declarabit, SE ENVTRI¬"
                    HPOS="208"
                    VPOS="260"
                    WIDTH="800"
                    HEIGHT="63"></String>
          </TextLine>
          <TextLine ID="line_6"
                    TAGREFS="LT8"
                    BASELINE="220 351 771 347 999 352" 
                    HPOS="219"
                    VPOS="314"
                    WIDTH="780"
                    HEIGHT="54">
            <Shape><Polygon POINTS="220 351 220 368 281 367 282 367 283 367 291 362 305 366 306 366 307 366 308 366 309 366 325 357 342 357 355 367 356 367 357 367 358 368 414 368 414 367 415 367 416 367 429 357 455 365 456 365 457 365 458 365 459 365 470 357 483 367 484 367 485 367 486 368 504 368 504 367 505 367 506 367 521 356 554 356 575 366 576 366 577 367 608 367 608 366 609 366 610 366 623 356 684 366 685 366 831 356 856 366 857 366 858 366 859 366 861 366 913 355 943 364 944 364 945 364 946 364 947 364 955 359 997 365 999 352 998 323 936 322 912 314 911 314 910 314 845 317 844 317 832 322 830 323 808 322 672 315 671 315 561 322 523 325 444 325 439 322 428 316 427 316 426 316 425 316 413 321 366 316 365 316 364 316 363 316 357 322 354 324 340 322 318 318 317 318 316 318 307 322 301 324 295 322 278 316 277 316 276 316 219 321 220 351"/></Shape>
	    <String CONTENT="TVM IN SERMONIBVS FIDEI,"
                    HPOS="219"
                    VPOS="314"
                    WIDTH="780"
                    HEIGHT="54"
                    WC="0.999885082244873"></String>
          </TextLine>
          <TextLine ID="line_7"
                    TAGREFS="LT8"
                    BASELINE="209 401 994 395" 
                    HPOS="208"
                    VPOS="357"
                    WIDTH="786"
                    HEIGHT="64">
            <Shape><Polygon POINTS="209 401 210 421 225 416 263 420 274 421 275 421 276 421 279 420 292 415 313 419 325 421 326 421 361 418 390 416 398 417 411 420 412 420 431 417 471 411 526 415 552 417 553 417 554 417 563 414 576 411 582 414 585 416 586 416 587 416 588 416 589 416 598 413 613 410 630 413 653 418 654 419 728 419 728 418 729 418 747 411 753 409 768 411 815 417 816 417 855 409 863 408 873 409 934 416 935 416 936 416 937 416 951 407 994 406 994 395 992 368 893 363 892 363 852 366 833 368 828 366 805 357 804 357 803 357 802 357 781 366 780 366 779 366 754 357 753 357 752 357 751 357 750 357 739 366 738 367 691 369 683 365 668 358 667 358 666 358 665 358 641 365 625 369 603 365 576 359 507 359 506 359 505 359 491 364 475 370 425 371 407 363 399 360 398 360 397 360 396 360 384 363 356 370 324 362 316 361 315 361 314 361 311 362 293 371 269 362 266 361 265 361 264 361 208 361 209 401"/></Shape>
	    <String CONTENT="hoc eſt, peritiam habere ſanæ doctrinæ. Λó¬"
                    HPOS="208"
                    VPOS="357"
                    WIDTH="786"
                    HEIGHT="64"></String>
          </TextLine>
          <TextLine ID="line_8"
                    TAGREFS="LT8"
                    BASELINE="218 450 559 444 990 445" 
                    HPOS="217"
                    VPOS="408"
                    WIDTH="773"
                    HEIGHT="59">
            <Shape><Polygon POINTS="218 450 218 467 282 460 291 466 292 466 293 466 294 466 343 460 401 466 403 466 404 466 405 466 440 456 482 464 483 464 484 464 499 456 553 460 554 460 597 455 690 455 735 464 737 464 738 464 739 464 740 464 751 456 786 461 787 461 788 461 806 454 853 456 863 463 864 463 865 463 866 463 989 462 990 445 988 416 896 416 876 408 875 408 851 408 850 408 849 408 821 416 792 408 791 408 790 408 789 408 771 417 770 418 743 418 742 417 711 410 710 410 709 410 645 414 637 409 636 409 635 409 592 409 591 409 497 418 485 411 484 411 483 411 482 411 482 411 466 415 427 410 426 410 425 410 402 419 402 420 371 420 338 420 321 412 320 412 286 411 285 411 284 411 267 419 217 420 218 450"/></Shape>
	    <String CONTENT="γος πίςτεως, eſt certa &amp; firma veræ religionis"
                    HPOS="217"
                    VPOS="408"
                    WIDTH="773"
                    HEIGHT="59"></String>
          </TextLine>
          <TextLine ID="line_9"
                    TAGREFS="LT8"
                    BASELINE="208 498 995 493" 
                    HPOS="207"
                    VPOS="455"
                    WIDTH="788"
                    HEIGHT="62">
            <Shape><Polygon POINTS="208 498 208 513 214 517 215 517 216 517 217 517 352 511 398 516 399 516 442 509 449 508 452 509 467 514 468 514 469 514 519 510 570 515 571 515 572 515 585 509 601 515 602 515 602 516 679 516 679 515 680 515 681 515 692 507 694 506 749 506 750 506 766 514 767 514 768 515 808 515 808 514 809 514 825 506 826 505 928 505 930 505 957 513 958 513 959 513 960 513 961 513 971 505 994 505 995 493 993 464 961 456 960 456 890 464 888 464 887 464 862 455 861 455 860 455 859 455 835 464 833 466 738 466 737 465 722 458 721 458 720 458 696 462 678 456 677 456 676 456 624 459 623 459 622 459 612 466 611 466 602 466 584 465 574 457 573 457 572 457 521 457 520 457 467 467 463 467 458 467 413 458 412 458 411 458 382 467 381 467 379 467 328 459 327 459 326 459 325 459 317 466 298 467 288 468 285 468 268 462 267 462 266 462 265 462 251 468 240 459 239 459 238 459 222 459 221 459 220 459 207 465 208 498"/></Shape>
	    <String CONTENT="formula, quam habere debet is qui alios do¬"
                    HPOS="207"
                    VPOS="455"
                    WIDTH="788"
                    HEIGHT="62"
                    WC="0.9838250307149665"></String>
          </TextLine>
          <TextLine ID="line_10"
                    TAGREFS="LT8"
                    BASELINE="209 548 569 542 1003 543" 
                    HPOS="208"
                    VPOS="506"
                    WIDTH="795"
                    HEIGHT="59">
            <Shape><Polygon POINTS="209 548 209 558 221 564 222 564 223 564 299 559 308 564 309 564 310 565 380 565 380 564 381 564 394 558 398 556 456 558 575 563 576 563 577 563 585 559 591 555 623 555 630 559 635 562 636 562 637 562 638 562 639 562 640 562 644 559 649 555 680 555 687 559 691 562 692 562 693 562 694 563 760 563 760 562 761 562 771 559 791 554 881 554 892 560 893 560 894 560 898 560 955 553 1001 560 1003 543 1002 515 983 515 971 506 970 506 969 506 968 506 871 515 858 506 857 506 856 506 822 506 821 506 820 506 801 516 775 516 745 517 696 517 691 517 666 507 665 507 664 507 663 507 641 516 593 507 592 507 541 515 532 508 531 508 530 508 529 508 484 515 471 509 470 509 469 509 468 509 458 513 400 508 399 508 365 513 345 509 344 509 343 509 318 518 287 511 286 511 285 511 284 511 272 519 249 519 233 512 232 512 231 512 230 512 208 519 209 548"/></Shape>
	    <String CONTENT="cere vult. Hanc facultatem cùm tribuat Ti¬"
                    HPOS="208"
                    VPOS="506"
                    WIDTH="795"
                    HEIGHT="59"
                    WC="0.9944811948510104"></String>
          </TextLine>
          <TextLine ID="line_11"
                    TAGREFS="LT8"
                    BASELINE="205 597 555 591 1003 592" 
                    HPOS="204"
                    VPOS="554"
                    WIDTH="799"
                    HEIGHT="62">
            <Shape><Polygon POINTS="205 597 205 616 277 608 296 614 297 614 298 614 299 614 319 608 358 614 366 615 367 615 441 614 442 614 447 612 464 607 520 611 557 614 558 614 579 610 602 606 613 610 617 611 618 611 761 613 762 613 791 607 802 605 856 605 857 606 865 612 866 612 867 612 868 612 934 605 969 612 970 612 971 612 1003 603 1003 592 1001 565 905 565 904 565 886 559 885 559 884 559 883 559 867 564 837 554 836 554 801 554 800 554 799 554 776 565 769 560 768 560 767 560 766 560 765 560 748 566 747 567 697 567 697 566 679 555 678 555 677 555 676 555 614 567 578 567 549 556 548 556 474 556 473 556 472 556 445 564 399 556 398 556 397 556 371 568 289 557 288 557 287 557 266 568 226 563 225 563 224 563 204 569 205 597"/></Shape>
	    <String CONTENT="motheo, oſtendit à puero in vera fide enutri¬"
                    HPOS="204"
                    VPOS="554"
                    WIDTH="799"
                    HEIGHT="62"
                    WC="0.9964124832464301"></String>
          </TextLine>
          <TextLine ID="line_12"
                    TAGREFS="LT8"
                    BASELINE="207 647 513 641 1002 643" 
                    HPOS="206"
                    VPOS="605"
                    WIDTH="796"
                    HEIGHT="60">
            <Shape><Polygon POINTS="207 647 207 659 236 656 241 660 248 664 249 664 250 664 251 665 332 665 332 664 333 664 334 664 340 660 342 659 348 660 367 664 368 664 369 664 378 660 387 656 398 660 408 664 409 664 410 664 411 664 421 660 426 658 445 660 474 664 475 664 476 664 486 661 509 652 741 652 768 659 769 659 770 659 771 659 772 659 782 653 810 657 811 657 850 652 886 662 890 663 891 663 892 663 1001 662 1002 643 1000 614 954 614 952 614 940 605 939 605 938 605 937 605 936 605 912 614 910 614 907 614 859 605 858 605 857 605 832 614 831 615 739 615 719 615 679 605 612 605 611 605 610 605 609 605 599 614 581 606 580 606 579 606 536 615 535 615 505 606 504 606 450 606 449 606 448 606 447 606 437 613 368 609 367 609 366 609 352 615 333 606 332 606 331 606 330 606 305 615 249 610 248 610 206 616 207 647"/></Shape>
	    <String CONTENT="tum, primùm à Loide &amp; Eunica in Prophe¬"
                    HPOS="206"
                    VPOS="605"
                    WIDTH="796"
                    HEIGHT="60"></String>
          </TextLine>
          <TextLine ID="line_13"
                    TAGREFS="LT8"
                    BASELINE="206 695 452 691 1001 692" 
                    HPOS="205"
                    VPOS="652"
                    WIDTH="796"
                    HEIGHT="66">
            <Shape><Polygon POINTS="206 695 206 711 302 711 305 711 339 717 340 717 341 717 361 711 363 711 366 711 386 717 387 717 388 717 420 712 424 711 426 712 439 717 440 717 441 717 469 712 476 711 482 712 511 717 512 717 541 712 550 711 571 712 630 717 631 718 678 718 678 717 679 717 680 717 685 713 688 711 702 713 728 717 729 717 763 713 784 711 797 713 814 717 815 718 853 718 853 717 854 717 855 717 860 714 865 711 869 714 874 717 875 717 876 717 877 717 1001 714 1001 692 1000 665 882 665 859 652 858 652 747 652 746 652 745 652 715 665 682 665 664 652 663 652 663 652 662 652 661 652 626 663 603 652 602 652 602 652 568 659 558 652 557 652 556 652 485 652 484 652 483 652 447 662 433 653 432 653 431 653 430 653 402 659 383 652 382 652 381 652 380 652 379 652 361 664 331 658 330 658 329 658 328 658 319 665 205 665 206 695"/></Shape>
	    <String CONTENT="tis, mox ab Apoſtolo Paulo in Chriſtiana re¬"
                    HPOS="205"
                    VPOS="652"
                    WIDTH="796"
                    HEIGHT="66"
                    WC="0.9920230521397158"></String>
          </TextLine>
          <TextLine ID="line_14"
                    TAGREFS="LT8"
                    BASELINE="209 741 358 742" 
                    HPOS="206"
                    VPOS="702"
                    WIDTH="151"
                    HEIGHT="66">
            <Shape><Polygon POINTS="208 740 206 758 253 768 255 768 256 768 276 758 304 767 305 767 307 767 355 756 357 741 355 710 208 702 208 740"/></Shape>
	    <String CONTENT="ligione."
                    HPOS="206"
                    VPOS="702"
                    WIDTH="151"
                    HEIGHT="66"
                    WC="0.9997094944119453"></String>
          </TextLine>
        </TextBlock>
        <TextBlock HPOS="168"
                   VPOS="764"
                   WIDTH="847"
                   HEIGHT="786"
                   ID="eSc_textblock_b84d1be1"
                   TAGREFS="BT1851">
          <Shape><Polygon POINTS="191 764 168 1550 984 1550 1015 770"/></Shape>
          <TextLine ID="line_15"
                    TAGREFS="LT8"
                    BASELINE="260 791 874 791 993 795" 
                    HPOS="259"
                    VPOS="750"
                    WIDTH="734"
                    HEIGHT="63">
            <Shape><Polygon POINTS="260 791 259 807 292 811 293 811 308 808 325 804 341 808 356 812 357 812 358 812 400 808 420 807 428 809 443 812 444 812 458 809 478 804 490 809 497 812 498 812 499 812 500 812 511 809 532 804 542 809 546 812 547 812 548 813 623 813 623 812 624 812 628 810 637 805 646 810 650 812 651 812 652 812 663 810 684 806 700 810 705 812 706 812 707 812 708 812 709 812 711 811 721 804 735 804 748 811 751 812 752 812 753 813 826 813 826 812 827 812 828 812 828 811 839 804 964 804 973 812 974 812 975 812 976 813 992 813 993 795 992 766 936 757 935 757 890 765 886 765 884 765 869 758 868 758 867 758 866 758 865 758 856 764 839 754 838 754 837 754 836 754 807 761 769 756 768 756 767 756 766 756 757 763 755 765 747 763 732 760 731 760 730 760 729 760 725 763 723 766 680 766 672 763 655 757 654 757 653 757 652 757 651 757 642 762 640 764 605 764 602 762 594 758 593 758 592 758 591 758 579 762 568 765 550 762 517 755 516 755 515 755 491 761 476 765 463 761 431 750 430 750 348 750 347 750 346 750 311 759 304 761 300 759 279 750 278 750 277 750 276 750 260 758 260 791"/></Shape>
	    <String CONTENT="Tertiò, ET BONAE DOCTRINAE,"
                    HPOS="259"
                    VPOS="750"
                    WIDTH="734"
                    HEIGHT="63"
                    WC="0.9978151172399521"></String>
          </TextLine>
          <TextLine ID="line_16"
                    TAGREFS="LT8"
                    BASELINE="201 841 994 839" 
                    HPOS="200"
                    VPOS="802"
                    WIDTH="794"
                    HEIGHT="61">
            <Shape><Polygon POINTS="201 841 201 860 315 855 348 861 357 862 358 862 359 862 360 862 361 861 367 856 431 860 432 860 433 860 446 855 465 861 473 863 474 863 475 863 476 863 483 861 494 858 512 861 526 863 527 863 528 863 529 863 532 861 538 857 557 861 569 863 570 863 626 862 627 862 628 862 629 861 635 857 675 861 688 862 689 862 706 861 800 854 811 861 811 862 812 862 813 862 814 863 862 863 862 862 863 862 865 861 884 855 912 861 917 862 918 862 994 861 994 839 992 812 945 812 930 802 929 802 928 802 927 802 926 802 903 811 888 804 887 804 886 804 885 804 867 812 826 812 799 803 798 803 797 803 796 803 767 811 745 802 744 802 743 802 692 808 684 802 683 802 682 802 681 802 680 802 662 808 629 802 628 802 594 809 503 803 502 803 501 803 500 803 490 811 452 803 451 803 450 803 449 803 435 812 434 812 419 812 275 803 274 803 273 803 246 812 243 812 200 812 201 841"/></Shape>
	    <String CONTENT="καλὴ διδασκαλία eſt quæ ſana dicitur, &amp; ſim¬"
                    HPOS="200"
                    VPOS="802"
                    WIDTH="794"
                    HEIGHT="61"
                    WC="0.9760845381280651"></String>
          </TextLine>
          <TextLine ID="line_17"
                    TAGREFS="LT8"
                    BASELINE="203 892 990 888" 
                    HPOS="202"
                    VPOS="849"
                    WIDTH="788"
                    HEIGHT="65">
            <Shape><Polygon POINTS="203 892 203 914 253 907 289 907 301 913 302 914 303 914 304 914 305 914 306 914 307 913 316 907 374 912 397 914 398 914 399 914 400 914 403 912 411 907 422 912 426 913 427 913 428 913 447 911 489 907 539 910 582 913 583 913 599 909 610 907 664 909 766 912 767 912 768 912 783 907 794 904 809 907 833 911 834 911 989 904 990 888 988 857 927 857 901 849 900 849 899 849 898 849 897 849 886 857 838 857 824 849 823 849 822 849 821 849 820 849 811 856 700 851 699 851 660 857 633 850 632 850 631 850 594 858 539 851 538 851 537 851 522 858 500 852 499 852 498 852 497 852 496 852 488 859 421 859 401 851 400 851 399 851 356 856 306 852 305 852 304 852 290 859 231 852 230 852 229 852 202 860 203 892"/></Shape>
	    <String CONTENT="plex fidei formula Propheticis &amp; Apoſtoli¬"
                    HPOS="202"
                    VPOS="849"
                    WIDTH="788"
                    HEIGHT="65"
                    WC="0.9868078075704121"></String>
          </TextLine>
          <TextLine ID="line_18"
                    TAGREFS="LT8"
                    BASELINE="203 941 990 939" 
                    HPOS="202"
                    VPOS="903"
                    WIDTH="788"
                    HEIGHT="59">
            <Shape><Polygon POINTS="203 941 203 956 279 956 280 956 288 962 289 962 290 962 291 962 315 957 346 962 347 962 371 956 377 955 393 956 452 962 453 962 454 962 469 957 474 955 546 955 552 957 566 962 567 962 568 962 569 962 589 957 602 954 623 954 628 957 632 961 633 961 634 961 635 962 684 962 684 961 685 961 686 961 690 957 692 956 694 957 702 961 703 961 704 961 733 958 748 956 775 958 822 961 823 961 824 961 825 961 829 958 835 954 853 958 868 961 869 962 929 962 929 961 930 961 931 961 934 958 941 954 988 958 990 939 988 913 921 913 884 905 883 905 882 905 868 913 842 913 812 903 811 903 810 903 809 903 781 913 748 913 720 903 719 903 718 903 717 903 716 903 702 912 672 903 671 903 670 903 669 903 641 912 627 903 626 903 625 903 597 903 596 903 595 903 594 903 578 913 556 904 555 904 554 904 553 904 527 913 508 907 507 907 506 907 480 910 471 904 470 904 469 904 468 904 467 904 442 912 413 907 412 907 411 907 396 912 326 904 325 904 324 904 306 912 296 904 295 904 294 904 266 904 265 904 264 904 243 914 202 914 203 941"/></Shape>
	    <String CONTENT="cis literis congruens. QVAM ASSECV¬"
                    HPOS="202"
                    VPOS="903"
                    WIDTH="788"
                    HEIGHT="59"
                    WC="0.9880891510418484"></String>
          </TextLine>
          <TextLine ID="line_19"
                    TAGREFS="LT8"
                    BASELINE="203 989 987 986" 
                    HPOS="200"
                    VPOS="948"
                    WIDTH="786"
                    HEIGHT="69">
            <Shape><Polygon POINTS="202 988 202 1011 339 1007 360 1017 496 1017 510 1007 572 1016 649 1005 677 1016 792 1016 823 1005 876 1013 893 1005 984 1005 986 985 983 957 744 957 732 948 646 955 594 948 519 957 395 949 374 957 349 949 237 957 227 949 221 949 200 957 202 988"/></Shape>
	    <String CONTENT="TVS ES, addit, ſignificans eum tenere ve¬"
                    HPOS="200"
                    VPOS="948"
                    WIDTH="786"
                    HEIGHT="69"
                    WC="0.9963637924775844"></String>
          </TextLine>
          <TextLine ID="line_20"
                    TAGREFS="LT8"
                    BASELINE="199 1037 990 1039" 
                    HPOS="198"
                    VPOS="1002"
                    WIDTH="792"
                    HEIGHT="60">
            <Shape><Polygon POINTS="199 1037 198 1050 288 1060 289 1060 339 1052 343 1052 346 1052 371 1060 372 1060 373 1060 416 1059 417 1059 428 1053 431 1052 636 1052 647 1056 663 1061 663 1061 664 1062 857 1062 857 1061 858 1061 863 1059 872 1055 889 1059 897 1061 898 1061 899 1061 989 1060 990 1039 990 1011 925 1011 925 1010 913 1003 912 1003 911 1003 910 1003 701 1010 684 1010 680 1010 634 1003 633 1003 632 1003 619 1009 572 1009 560 1002 559 1002 558 1002 557 1002 556 1002 539 1008 502 1002 501 1002 500 1002 499 1002 489 1009 460 1002 459 1002 458 1002 457 1002 434 1009 433 1010 266 1010 263 1009 231 1002 230 1002 199 1008 199 1037"/></Shape>
	    <String CONTENT="ram mentem &amp; ſenſum ſcripturæ: ſignificat"
                    HPOS="198"
                    VPOS="1002"
                    WIDTH="792"
                    HEIGHT="60"
                    WC="0.973474506924792"></String>
          </TextLine>
          <TextLine ID="line_21"
                    TAGREFS="LT8"
                    BASELINE="195 1086 989 1086" 
                    HPOS="195"
                    VPOS="1053"
                    WIDTH="794"
                    HEIGHT="54">
            <Shape><Polygon POINTS="195 1086 195 1096 304 1106 305 1107 392 1107 392 1106 393 1106 394 1106 404 1099 408 1097 429 1099 467 1103 468 1103 469 1103 478 1100 484 1097 499 1100 529 1106 530 1107 546 1107 546 1106 547 1106 548 1106 555 1101 561 1097 632 1097 651 1102 666 1106 667 1106 668 1107 710 1107 710 1106 711 1106 712 1106 718 1102 727 1097 988 1105 989 1086 989 1061 941 1053 940 1053 939 1053 938 1053 926 1061 899 1061 889 1053 888 1053 887 1053 865 1053 864 1053 863 1053 862 1053 853 1060 818 1055 817 1055 742 1060 720 1053 719 1053 718 1053 630 1060 607 1053 606 1053 605 1053 576 1058 544 1053 543 1053 478 1060 452 1053 451 1053 450 1053 374 1060 364 1053 363 1053 362 1053 319 1053 318 1053 195 1060 195 1086"/></Shape>
	    <String CONTENT="enim παρακολουθεῖν, primùm mentem docen¬"
                    HPOS="195"
                    VPOS="1053"
                    WIDTH="794"
                    HEIGHT="54"></String>
          </TextLine>
          <TextLine ID="line_22"
                    TAGREFS="LT8"
                    BASELINE="195 1136 753 1132 990 1138" 
                    HPOS="194"
                    VPOS="1095"
                    WIDTH="796"
                    HEIGHT="66">
            <Shape><Polygon POINTS="195 1136 195 1151 302 1151 306 1153 319 1161 320 1161 321 1161 322 1161 380 1154 404 1151 479 1151 484 1155 489 1159 490 1159 491 1159 524 1160 525 1160 526 1160 527 1160 533 1155 539 1151 588 1156 593 1156 594 1156 595 1156 604 1151 614 1156 618 1158 619 1158 620 1158 638 1157 684 1152 699 1157 704 1159 705 1159 706 1159 707 1159 711 1157 722 1153 782 1158 806 1160 807 1160 808 1160 811 1158 823 1153 847 1159 854 1160 855 1161 990 1161 990 1138 988 1099 964 1105 886 1105 878 1100 876 1098 875 1098 874 1098 873 1098 872 1098 868 1100 858 1105 843 1100 838 1099 837 1099 836 1099 821 1100 783 1105 778 1101 769 1095 768 1095 767 1095 721 1095 720 1095 719 1095 718 1095 708 1102 704 1104 668 1102 641 1101 640 1101 630 1103 613 1106 603 1103 583 1096 582 1096 581 1096 539 1101 528 1096 527 1096 446 1096 445 1096 444 1096 443 1096 428 1105 426 1106 422 1105 409 1101 408 1101 407 1101 406 1101 405 1101 399 1105 397 1107 341 1107 338 1106 284 1096 283 1096 282 1096 256 1107 194 1107 195 1136"/></Shape>
	    <String CONTENT="tis aſſequi, vt diſcipuli cùm audiũt prælegẽtẽ"
                    HPOS="194"
                    VPOS="1095"
                    WIDTH="796"
                    HEIGHT="66"
                    WC="0.9914956414699554"></String>
          </TextLine>
          <TextLine ID="line_23"
                    TAGREFS="LT8"
                    BASELINE="195 1185 718 1180 986 1187" 
                    HPOS="194"
                    VPOS="1147"
                    WIDTH="792"
                    HEIGHT="58">
            <Shape><Polygon POINTS="195 1185 195 1190 262 1199 263 1199 264 1199 285 1192 289 1191 360 1191 365 1194 373 1197 374 1197 375 1197 376 1197 377 1197 381 1194 385 1191 399 1194 409 1196 410 1196 411 1196 417 1194 429 1191 435 1195 438 1197 439 1197 440 1197 441 1197 453 1195 475 1191 501 1196 525 1200 526 1200 527 1200 534 1196 542 1191 570 1191 582 1197 597 1205 598 1205 599 1205 600 1205 601 1205 610 1198 611 1197 641 1194 652 1199 653 1199 654 1199 655 1199 656 1199 658 1199 688 1190 733 1191 757 1200 767 1204 768 1204 769 1205 930 1205 930 1204 931 1204 932 1204 941 1198 949 1204 950 1204 951 1204 952 1205 986 1205 986 1187 985 1157 864 1157 827 1150 826 1150 780 1156 765 1149 764 1149 763 1149 697 1154 675 1147 674 1147 673 1147 672 1147 671 1147 662 1153 533 1147 532 1147 488 1154 480 1147 479 1147 478 1147 439 1147 438 1147 437 1147 436 1147 428 1153 381 1149 380 1149 379 1149 378 1149 368 1155 338 1151 337 1151 301 1157 250 1147 249 1147 248 1147 226 1158 194 1158 195 1185"/></Shape>
	    <String CONTENT="authoris mentem aſſequuntur ex interprete."
                    HPOS="194"
                    VPOS="1147"
                    WIDTH="792"
                    HEIGHT="58"
                    WC="0.9892308655239287"></String>
          </TextLine>
          <TextLine ID="line_24"
                    TAGREFS="LT8"
                    BASELINE="193 1234 574 1228 982 1238" 
                    HPOS="193"
                    VPOS="1190"
                    WIDTH="789"
                    HEIGHT="61">
            <Shape><Polygon POINTS="193 1234 193 1242 422 1239 437 1245 440 1246 441 1246 442 1246 443 1246 446 1245 462 1239 479 1245 484 1248 485 1248 486 1249 532 1249 532 1248 533 1248 540 1246 555 1241 596 1247 608 1248 609 1248 610 1248 614 1247 630 1240 641 1247 643 1249 644 1249 645 1249 646 1249 647 1249 652 1247 669 1240 703 1246 704 1246 705 1246 719 1240 755 1240 771 1248 773 1249 774 1249 775 1249 783 1248 845 1242 878 1249 882 1250 883 1251 981 1251 982 1238 982 1204 962 1204 962 1203 941 1193 940 1193 939 1193 938 1193 915 1203 914 1204 832 1204 829 1202 821 1198 820 1198 819 1198 767 1202 756 1202 752 1202 717 1193 716 1193 674 1198 633 1191 607 1191 606 1191 605 1191 604 1191 591 1200 589 1201 585 1200 570 1196 569 1196 568 1196 543 1200 540 1200 537 1200 503 1191 502 1191 501 1191 434 1198 424 1191 423 1191 422 1191 353 1190 352 1190 351 1190 350 1190 339 1198 336 1200 329 1198 309 1191 308 1191 307 1191 306 1191 305 1191 297 1198 294 1200 291 1198 281 1190 280 1190 279 1190 278 1190 277 1190 256 1197 249 1199 239 1197 211 1192 210 1192 209 1192 193 1196 193 1234"/></Shape>
	    <String CONTENT="Deinde debẽt παρακολουθεῖν, cũ vita &amp; morib."
                    HPOS="193"
                    VPOS="1190"
                    WIDTH="789"
                    HEIGHT="61"></String>
          </TextLine>
          <TextLine ID="line_25"
                    TAGREFS="LT8"
                    BASELINE="191 1282 452 1277 984 1286" 
                    HPOS="191"
                    VPOS="1237"
                    WIDTH="793"
                    HEIGHT="66">
            <Shape><Polygon POINTS="191 1282 191 1298 242 1298 242 1298 243 1298 265 1288 287 1296 288 1296 289 1296 290 1296 313 1287 335 1298 336 1298 337 1298 379 1299 380 1300 441 1300 441 1299 442 1299 445 1298 471 1288 486 1295 487 1295 488 1295 579 1289 691 1298 695 1298 696 1298 697 1298 721 1291 779 1298 780 1298 839 1292 852 1298 853 1298 854 1298 855 1298 870 1295 889 1298 909 1303 910 1303 983 1298 984 1286 984 1256 924 1255 909 1243 908 1243 907 1243 906 1243 905 1243 904 1243 888 1254 887 1254 874 1254 849 1254 833 1241 832 1241 831 1241 814 1241 813 1241 812 1241 790 1253 771 1253 760 1253 741 1241 740 1241 739 1241 738 1241 737 1241 736 1241 720 1252 719 1253 682 1253 680 1252 643 1239 642 1239 641 1239 589 1248 551 1241 550 1241 549 1241 548 1241 538 1250 537 1250 504 1250 501 1250 474 1238 473 1238 445 1238 444 1238 443 1238 419 1246 381 1237 380 1237 340 1237 339 1237 338 1237 337 1237 328 1243 319 1237 318 1237 317 1237 316 1237 289 1241 283 1238 282 1238 281 1238 280 1238 279 1238 251 1246 214 1239 213 1239 212 1239 191 1245 191 1282"/></Shape>
	    <String CONTENT="his ipſis actionibus interſunt, &amp; reſpondent"
                    HPOS="191"
                    VPOS="1237"
                    WIDTH="793"
                    HEIGHT="66"
                    WC="0.9962830150669272"></String>
          </TextLine>
          <TextLine ID="line_26"
                    TAGREFS="LT8"
                    BASELINE="191 1329 591 1327 980 1336" 
                    HPOS="191"
                    VPOS="1290"
                    WIDTH="789"
                    HEIGHT="63">
            <Shape><Polygon POINTS="191 1329 191 1349 216 1349 216 1348 217 1348 241 1337 264 1348 265 1348 290 1349 291 1349 292 1349 294 1348 315 1340 328 1348 329 1349 330 1349 331 1349 332 1350 370 1350 370 1349 381 1348 465 1339 634 1339 652 1348 662 1352 663 1352 663 1353 686 1353 686 1352 687 1352 688 1352 693 1348 698 1344 711 1348 724 1352 725 1352 726 1352 727 1352 739 1348 755 1342 768 1348 779 1353 780 1353 781 1353 979 1347 980 1336 979 1306 893 1306 892 1305 866 1294 865 1294 864 1294 863 1294 843 1303 823 1294 822 1294 750 1293 749 1293 748 1293 747 1293 734 1303 698 1303 663 1303 662 1303 634 1292 633 1292 632 1292 631 1292 603 1300 579 1292 578 1292 520 1291 519 1291 419 1301 411 1301 406 1300 371 1294 370 1294 332 1299 317 1290 316 1290 315 1290 314 1290 273 1299 272 1299 245 1295 244 1295 191 1298 191 1329"/></Shape>
	    <String CONTENT="profeſsioni, nam doctrina quædã eſt theoria"
                    HPOS="191"
                    VPOS="1290"
                    WIDTH="789"
                    HEIGHT="63"></String>
          </TextLine>
          <TextLine ID="line_27"
                    TAGREFS="LT8"
                    BASELINE="189 1375 625 1377 973 1385" 
                    HPOS="188"
                    VPOS="1341"
                    WIDTH="785"
                    HEIGHT="67">
            <Shape><Polygon POINTS="189 1375 188 1399 260 1400 261 1400 262 1400 273 1395 279 1400 280 1400 281 1400 282 1400 316 1396 338 1401 339 1401 340 1401 341 1401 371 1388 386 1401 387 1401 388 1401 398 1402 422 1402 423 1402 424 1402 425 1402 442 1390 462 1389 505 1395 506 1395 507 1395 508 1395 516 1390 627 1390 653 1405 654 1405 655 1405 718 1406 719 1407 738 1407 738 1406 739 1406 740 1406 762 1393 787 1393 809 1406 810 1407 811 1407 812 1407 813 1407 814 1407 817 1406 848 1397 861 1403 862 1403 863 1403 864 1403 886 1394 902 1404 903 1404 904 1404 904 1404 905 1404 906 1404 914 1398 939 1402 940 1402 941 1402 951 1397 970 1408 973 1385 973 1357 930 1357 929 1357 918 1348 917 1348 916 1348 915 1348 914 1348 892 1357 890 1357 856 1356 688 1350 687 1350 668 1354 667 1354 665 1354 633 1344 632 1344 611 1344 610 1344 609 1344 608 1344 599 1352 592 1347 591 1347 590 1347 589 1347 558 1351 543 1343 542 1343 542 1343 440 1351 438 1352 403 1352 401 1351 390 1345 389 1345 388 1345 387 1345 386 1345 378 1351 361 1342 360 1342 359 1342 358 1342 341 1346 325 1341 324 1341 323 1341 274 1349 259 1344 258 1344 257 1344 189 1348 189 1375"/></Shape>
	    <String CONTENT="quæ ad praxim refertur. Sic pii cum interſunt"
                    HPOS="188"
                    VPOS="1341"
                    WIDTH="785"
                    HEIGHT="67"></String>
          </TextLine>
          <TextLine ID="line_28"
                    TAGREFS="LT8"
                    BASELINE="188 1426 546 1426 969 1433" 
                    HPOS="187"
                    VPOS="1390"
                    WIDTH="782"
                    HEIGHT="64">
            <Shape><Polygon POINTS="188 1426 187 1447 268 1448 269 1448 270 1448 272 1447 298 1436 363 1436 382 1447 384 1449 385 1449 386 1449 461 1450 462 1450 463 1450 464 1450 468 1447 482 1438 500 1446 501 1446 502 1446 538 1438 571 1438 579 1445 580 1445 581 1445 582 1445 583 1445 584 1445 595 1439 646 1439 658 1447 663 1451 663 1451 664 1451 665 1451 666 1451 680 1447 696 1442 714 1447 732 1452 733 1452 734 1452 757 1447 769 1444 780 1447 800 1453 801 1453 802 1454 820 1454 820 1453 821 1453 822 1453 830 1447 835 1444 863 1447 871 1447 872 1447 873 1447 874 1447 883 1442 890 1447 896 1451 897 1451 898 1451 899 1451 968 1446 969 1433 969 1407 941 1396 940 1396 920 1396 919 1396 918 1396 917 1396 905 1406 904 1407 867 1407 865 1406 846 1400 845 1400 844 1400 819 1404 807 1395 806 1395 805 1395 757 1394 756 1394 755 1394 733 1405 722 1405 710 1405 708 1404 616 1397 615 1397 562 1401 542 1392 542 1392 541 1392 466 1400 445 1392 444 1392 443 1392 442 1392 441 1392 426 1401 409 1395 408 1395 407 1395 406 1395 389 1399 380 1391 379 1391 378 1391 377 1391 304 1400 271 1390 270 1390 269 1390 268 1390 246 1399 215 1393 214 1393 213 1393 188 1399 188 1426"/></Shape>
	    <String CONTENT="certaminibus perſecutionum, debent aſſe¬"
                    HPOS="187"
                    VPOS="1390"
                    WIDTH="782"
                    HEIGHT="64"
                    WC="0.9867649376392365"></String>
          </TextLine>
          <TextLine ID="line_29"
                    TAGREFS="LT8"
                    BASELINE="185 1475 595 1476 973 1483" 
                    HPOS="184"
                    VPOS="1440"
                    WIDTH="789"
                    HEIGHT="66">
            <Shape><Polygon POINTS="185 1475 184 1486 218 1485 234 1488 264 1494 265 1494 266 1494 277 1490 315 1499 316 1499 317 1499 333 1492 345 1497 346 1497 347 1497 348 1497 349 1497 358 1491 382 1491 411 1500 412 1500 413 1500 414 1500 440 1491 455 1500 456 1500 457 1500 458 1500 459 1500 477 1490 482 1488 601 1488 605 1491 633 1503 634 1503 635 1503 636 1503 663 1491 667 1490 702 1490 706 1492 725 1504 726 1504 727 1504 883 1506 884 1506 918 1505 919 1505 920 1505 934 1494 961 1501 962 1501 963 1501 964 1501 964 1501 972 1494 973 1483 973 1449 953 1447 952 1447 951 1447 950 1447 949 1448 939 1455 902 1449 901 1449 869 1454 861 1448 858 1446 857 1446 856 1446 855 1446 854 1446 847 1448 831 1454 783 1448 778 1448 777 1448 773 1448 745 1453 717 1448 691 1444 690 1444 655 1448 623 1452 618 1448 612 1443 611 1443 610 1443 573 1443 572 1443 571 1443 570 1443 562 1448 556 1452 524 1452 504 1448 470 1442 469 1442 468 1442 467 1442 460 1448 457 1450 445 1448 419 1443 418 1443 364 1448 347 1449 344 1448 328 1440 327 1440 326 1440 185 1447 185 1475"/></Shape>
	    <String CONTENT="qui doctrinam, hoc eſt, percipere id quod"
                    HPOS="184"
                    VPOS="1440"
                    WIDTH="789"
                    HEIGHT="66"
                    WC="0.9934561979479906"></String>
          </TextLine>
          <TextLine ID="line_30"
                    TAGREFS="LT8"
                    BASELINE="186 1524 972 1532" 
                    HPOS="185"
                    VPOS="1489"
                    WIDTH="787"
                    HEIGHT="83">
            <Shape><Polygon POINTS="186 1524 185 1555 219 1553 233 1557 242 1559 243 1559 244 1559 245 1559 250 1557 261 1551 283 1551 309 1557 326 1560 327 1560 351 1557 376 1553 384 1557 391 1560 392 1560 393 1560 410 1557 423 1554 447 1557 474 1560 475 1560 476 1560 482 1557 487 1554 495 1557 524 1568 525 1568 526 1568 527 1568 556 1560 583 1570 584 1570 585 1570 766 1567 774 1572 775 1572 776 1572 777 1572 778 1572 802 1563 822 1571 823 1571 824 1571 825 1571 826 1571 839 1562 855 1569 856 1569 857 1569 858 1569 881 1558 896 1565 897 1565 898 1565 971 1557 972 1532 971 1509 951 1509 950 1508 925 1495 924 1495 923 1495 922 1495 921 1495 904 1508 903 1509 889 1509 885 1508 836 1497 835 1497 790 1506 772 1500 771 1500 698 1498 697 1498 696 1498 695 1498 685 1505 657 1492 656 1492 655 1492 654 1492 621 1501 552 1499 537 1491 536 1491 535 1491 460 1499 429 1493 428 1493 427 1493 410 1500 383 1489 382 1489 348 1489 347 1489 346 1489 326 1500 288 1489 287 1489 286 1489 285 1489 284 1489 270 1499 186 1500 186 1524"/></Shape>
	    <String CONTENT="Chriſtus illis prædixerat: hîc tamen pro do¬"
                    HPOS="185"
                    VPOS="1489"
                    WIDTH="787"
                    HEIGHT="83"
                    WC="0.9979166997803582"></String>
          </TextLine>
        </TextBlock>
        <TextBlock HPOS="860"
                   VPOS="1550"
                   WIDTH="111"
                   HEIGHT="52"
                   ID="block_1"
                   TAGREFS="BT17">
          <Shape><Polygon POINTS="971 1550 971 1602 860 1602 860 1550"/></Shape>
          <TextLine ID="line_31"
                    TAGREFS="LT8"
                    BASELINE="858 1585 974 1585" 
                    HPOS="858.0"
                    VPOS="1545.0"
                    WIDTH="116.0"
                    HEIGHT="75.0">
            <Shape><Polygon POINTS="858 1585 858 1605 876 1619 877 1619 878 1619 879 1620 911 1620 911 1619 912 1619 913 1619 923 1610 932 1604 952 1604 971 1616 974 1585 974 1545 946 1545 945 1545 944 1545 943 1545 938 1549 924 1558 898 1558 891 1554 883 1550 882 1550 881 1550 880 1550 858 1557 858 1585"/></Shape>
	    <String CONTENT="cendi"
                    HPOS="858.0"
                    VPOS="1545.0"
                    WIDTH="116.0"
                    HEIGHT="75.0"
                    WC="0.9963573813438416"></String>
          </TextLine>
        </TextBlock>
      </PrintSpace>
    </Page>
  </Layout>
</alto>
