1081 1759
133 46 635 56 IN I. EPIST. AD TIMOTH

834 64 35 44 73

66 97 809 66 ſtudio & bonorum operum exercitio bona

71.0 147.0 805.0 64.0 naſcitur: mala autem vitæ petulantia ac im

75.0 198.0 789.0 63.0 probitate: rectè igitur fidei coniungit con

75.0 250.0 381.0 53.0 ſcientiæ puritatem.

122.0 296.0 501.0 63.0 10 Et hi probentur, &c.

139.0 348.0 726.0 61.0 Virtutibus addit probationem, nam vir

72.0 398.0 802.0 61.0 tutes cognoſci debent publice. Probari au¬

73.0 448.0 804.0 61.0 tem accipio, pro examinari, rogantur de vo¬

78.0 495.0 796.0 64.0 lutate & facultate velintne & poſsint Eccle¬

83.0 548.0 792.0 58.0 ſiæ vtiliter ſeruire. Facultas cognoſcetur ex

82.0 595.0 795.0 62.0 articulis fidei, & dexteritate concionandi, au

91.0 644.0 786.0 64.0 diatur ergo quomodo verbum Dei interpre

92.0 696.0 777.0 62.0 tetur, qualis ſit illius vox, qui geſtus, habitus,

85 743 594 60 methodus in tractandis locis, &c.

131.0 794.0 745.0 59.0 Poſt examen officii eſt inauguratio, mi¬

85.0 842.0 790.0 61.0 niſtrorũ Eccleſiæ, ſcil. docendo, conſolando,

86.0 891.0 788.0 62.0 viſitando ægrotos: hinc ſuo epiſcopo, & a¬

76.0 939.0 801.0 65.0 liis fratribus. Tertiò, repetit virtutes in ge¬

77.0 992.0 796.0 59.0 nere omnes, SI SIT IRREPREHENSIBILIS:

90 1043 785 51 conditio eſt neceſſaria, non enimeruditio, &

79 1086 507 67 eloquentia hîc rei ſatisfacit.

139 1150 472 56 11 Vxores ſimiliter, &c

151.0 1188.0 727.0 68.0 Quartò, loquitur de vxoribus miniſtrõ¬

85.0 1244.0 794.0 58.0 rũ & diaconorũ. Nã quòd alii de diaconiſsis

82.0 1295.0 797.0 59.0 hoc accipiunt, non ſatis firmum eſt, minus

84.0 1340.0 796.0 63.0 etiam placet eorum ſententia, qui in genere

82.0 1390.0 797.0 60.0 de ſexu muliebri hæc interpretantur. Priùs

83.0 1439.0 799.0 61.0 enim cap.2.verſu 9. harum decorum deſcri¬

80.0 1486.0 800.0 87.0 pſit, vt nonſit opus hîc repetere. Itaque
