1083 1751
152 69 654 56 IN I. EPIST. AD TIMOTH.

839 89 42 43 143

348 230 292 48 CAPVT VI.

103 440 149 67 V

284.0 290.0 596.0 63.0 ARIOS perſequitur locos hoc

279.0 349.0 596.0 54.0 capite quos ordine recenſebimus.

288.0 393.0 593.0 58.0 quo facilior ſit illorum deinceps

277 434 603 69 explicatio. Primùm, diſſerit de of¬

80.0 493.0 800.0 50.0 ficio ſeruorum in ſuos ordinarios heros. De¬

77.0 540.0 803.0 58.0 inde, deſcribit ſchiſmaticos, vt eo commo¬

76 594 803 57 diùs vitari poſsint. Tertiò, agit de vera ani¬

75.0 642.0 802.0 54.0 mi ſufficientia qua ſua ſorte homines con¬

79.0 689.0 796.0 59.0 tenti ſunt, nihil inſuper appetentes. Quartò,

82.0 743.0 793.0 60.0 contra auaritiam diſputat propoſitis incom¬

77.0 790.0 798.0 56.0 modis, quæ ipſos auaros ſolent comitari.

80.0 836.0 794.0 61.0 Quintò, ſermonem ad Timotheum cõuertit,

75.0 884.0 803.0 67.0 & hortatur iterum ad officium in Eccleſia

76.0 936.0 800.0 57.0 quàm vigilantiſsimè exequendum. Sextò,

73.0 987.0 803.0 59.0 diuitibus ſuum præſcribit decorum quõd ab

73.0 1033.0 805.0 61.0 ipſis requirit pietatis profeſsio. Septimò, de

75.0 1085.0 799.0 58.0 mum breui epilogo totam epiſtolam cõclu¬

82.0 1133.0 793.0 57.0 dit. De his ordine audiemus ipſum Apoſto¬

82.0 1179.0 793.0 70.0 Ium, fingulis locis ſuas quoque conſtituentes

81 1228 428 76 ſpeciales propoſitiones.

141 1284 711 70 1 Quicunque ſunt ſub iugo ſerui, &t

125.0 1336.0 748.0 57.0 Locus eſt primus de officio ſeruorũ erga

69.0 1384.0 806.0 57.0 ſuos heros. Hunc locum etiam habuimus ad

67.0 1432.0 808.0 62.0 Eph.6.v.5.ad Col.3.V.22.& habebimus infrà

70.0 1484.0 806.0 56.0 ad Tit.2.V.9.1.ep. Pet.2.V.18, quibus cõſonãt

68.0 1528.0 805.0 72.0 illa quæ ad Rom.13. habẽtur. Hoc loco Apo¬
