1047 1751
220 65 42 40 162

392 55 450 52 COMMENTARII

216.0 103.0 804.0 60.0 ſtra ambulemus. Indignus igitur vita æterna

217.0 152.0 801.0 60.0 cenſendus eſt, quia innocentiæ non ſtudioſus,

217 196 475 72 qui in officio negligens eſt.

267.0 251.0 749.0 59.0 Altera ratio eſt propria Timothei & con¬

216.0 301.0 798.0 58.0 feſſorũ, QVIA CONFESSVS ES CO¬

221.0 349.0 789.0 55.0 RAM MVLTIS TESTIBVS. Vis eſt

216.0 395.0 791.0 58.0 argumẽti, Quæ ſemel cum laude ſumus con¬

217.0 443.0 796.0 60.0 feſsi, in his conſtanter debemus perſiſtere:ſed

217.0 494.0 796.0 50.0 tu hoc iam feciſti, & quidem coram multis te¬

217.0 539.0 795.0 62.0 ſtibus. Ergo, &c. Vbi & quãdo hoc fecerit Ti¬

218.0 592.0 793.0 57.0 motheus, non ſatis liquet. Primùm hoc fecit

218.0 638.0 796.0 61.0 in conuerſione factus ex profeſſo Chriſti ſe¬

218.0 689.0 799.0 58.0 ctator, quam profeſsiouem Baptiſmo admil¬

218.0 737.0 805.0 60.0 ſo obſignauit: deinde in electione ad miniſte¬

217.0 786.0 804.0 58.0 rium, vbi non ſolùm Chriſtianum ſeſe eſt

223.0 836.0 794.0 58.0 profeſſus, ſed inter hos fore doctorem & mi¬

219.0 885.0 800.0 54.0 niſtrum frugi. Tertiò, idem confeſſus eſt for¬

221.0 941.0 800.0 54.0 tè coram tyranno aliquo vel in vinculis cum

223.0 990.0 799.0 54.0 vitæ periculo, quò inclino, quia καλὴν vocat

220.0 1036.0 801.0 55.0 confeſsionem, hoc eſt, ſpecioſam & cum peri¬

220.0 1081.0 799.0 57.0 culo coniunctam. Deinde quia addit factam

219.0 1127.0 802.0 62.0 eſſe coràm multis teſtibus, h.e. intrepidè, cõ¬

219.0 1180.0 795.0 59.0 tempto omni vitæ periculo: quod qui præſti¬

218.0 1223.0 800.0 67.0 tiſſent, poſteà ſingulari titulo dicti ſunt con¬

217.0 1271.0 804.0 69.0 feſſores, martyribus proximi. Præterea hoc

216.0 1322.0 798.0 64.0 ſenſu poſtea fecit mentionem confeſsionie

218.0 1373.0 796.0 62.0 Chriſti, quæ vt exemplum profertur conſtã¬

219.0 1426.0 801.0 58.0 tiæ in aduerſis pro veritatis teſtimonio. Ita¬

221.0 1471.0 803.0 94.0 que patheticè vrget Timotheũ prius cũ peri¬

925.0 1532.0 101.0 63.0 culo
