1052 1758
202.0 60.0 48.0 38.0 134

375 48 429 54 COMMENTARII

208 98 634 54 de vtroque hoc genere breuiter agit.

231.0 141.0 771.0 54.0 Exorditur autem à peccato quod latet, vt

195 187 804 60 ſolet in magnis viris, quales ſunt præſides

197.0 236.0 801.0 57.0 Reip, & Eccleſiæ, de quorum peccato nõ fa¬

197.0 285.0 800.0 58.0 cilè conſtat propter authoritatem: iſti ſi de¬

195.0 333.0 797.0 60.0 ferantur, inquirendum dicit, teſtibus, ſignifi¬

198.0 383.0 790.0 55.0 cans delatoribus non facilè eſſe credendum.

198.0 432.0 799.0 62.0 Deinde parcẽdum bonorum famæ & nomi¬

198.0 482.0 804.0 64.0 ni, ne ad quoſuis rumuſculos palàm traducã¬

199.0 532.0 802.0 57.0 tur. Primum hîc presbyterum accipio offi¬

197.0 581.0 803.0 60.0 cio & ætate, hoc eſt, miniſtros Eccleſiæ non

199.0 627.0 803.0 68.0 damnandos niſi diligenti inquiſitione habi¬

199.0 678.0 803.0 60.0 ta: nec ſolùm miniſtros, ſed omnes perſonas

199.0 727.0 805.0 59.0 ætate graues: quib. enim Dominus dedit bo¬

197.0 780.0 804.0 52.0 num nomen, & ætatis grauitatẽ, hos oportet

199.0 824.0 802.0 58.0 parentũ loco colere. Ideo diligenter eſt cauẽ¬

198.0 877.0 800.0 58.0 dum, ne quid temere cõtra tales credatur de¬

198.0 924.0 804.0 58.0 latoribus. Deinde, quia tales presbyteri erant

198.0 969.0 805.0 65.0 iudices & Senatores Eccleſiaſtici qui alios ob

203.0 1025.0 801.0 52.0 peccata pro delicti ratione corrigebãt, credi¬

198.0 1068.0 807.0 57.0 bile eſt in multorum offenſam incidiſſe, adeò

200.0 1118.0 803.0 56.0 vt non carerent obtrectatoribus:ne igitur te¬

199.0 1164.0 802.0 59.0 mere quid contra ipſos credatur admonitio¬

197.0 1213.0 803.0 58.0 ne dignum fuit. Nec ideo ſequitur, ſolùm in

199.0 1263.0 801.0 61.0 his adhibendi ſunt teſtes, in aliis ſine teſtibus

198.0 1315.0 794.0 59.0 agendum eſt : imò quia in his grauitas requi¬

198.0 1364.0 794.0 53.0 ritur in omni iudicio Eccleſiaſtico eam eſſe

198.0 1406.0 796.0 64.0 adhibendam docet. Sunt interim multa leuia

199.0 1460.0 798.0 107.0 & puerilia in quibus nec de famæ nec nomi¬

934.0 1514.0 67.0 66.0 nis
