1076 1743
122 49 647 59 IN I. EPIST. AD TIMOTH.

828 53 35 69 79

61.0 100.0 802.0 64.0 præeſt, falli igitur non poteſt. Ac videtur

64.0 150.0 797.0 64.0 Deum opponere hominibus, viuũ vero ido¬

66.0 198.0 795.0 63.0 lis: plus enim Deus quàm homo metui ſolet:

65.0 247.0 795.0 62.0 ſed verus Deus etiam plus quàm idola me¬

62.0 297.0 796.0 66.0 tuendus eſt, quia idola ſtupida ſunt, vita ca¬

69 344 470 64 rent: Deus autem vita eſt.

98.0 394.0 760.0 60.0 Tertiò, domus illa columna eſt, & ſtabili¬

66.0 445.0 791.0 62.0 mentum veritatis, hoc eſt, fundata in verita¬

73.0 495.0 780.0 63.0 tem quæ eſt Chriſtus, hinc columna veri¬

74.0 546.0 784.0 63.0 tatis quaſi ex veritate excitata, alioquin

76.0 591.0 780.0 65.0 Chriſtus fundamentum eſt, vt loquitur 2.

78.0 642.0 778.0 60.0 Epheſ.ver.20. huic fundamento ſuperſtru¬

78.0 688.0 777.0 66.0 cta Eccleſia dicitur columna, quaſi dicat, fir¬

76.0 739.0 778.0 66.0 miſsima & inexpugnabilis. Deinde dicitur

73.0 792.0 781.0 51.0 veritatis columna & firmamentum, quia

67.0 835.0 786.0 59.0 Deus per Eccleſiam propagat veritatẽ, éſt¬

67.0 883.0 786.0 60.0 que teſtis eius, & huic innititur quaſi marpe¬

62.0 930.0 794.0 62.0 ſia cautes. Iam valet argumẽtum etiam hinc

64.0 982.0 788.0 59.0 à conditione ſeu proprietate Eccleſiæ, quæ

61.0 1033.0 792.0 59.0 eſt ſemper indiuulsè adhærere veritati, ergo¬

66.0 1082.0 787.0 58.0 vigilandum eſt miniſtro, ne ſuo vitio ab illa

67.0 1153.0 423.0 37.0 exorbitent auditores.

112.0 1177.0 743.0 73.0 16 Et ſine controuerſia magnum eſt

61.0 1258.0 443.0 42.0 pietatis mysterium, &c.

107.0 1288.0 742.0 64.0 Digreditur longiùs in commendationem

56.0 1337.0 793.0 55.0 doctrinæ Eccleſiaſticæ ac enumerat veri¬

56.0 1388.0 794.0 61.0 tatis illius tam firmæ præcipuos locos.

55.0 1436.0 794.0 63.0 eóſque imprimis, qui latent rationem: piis

56.0 1484.0 793.0 76.0 autem ſunt ὁμολογούμενοι. Et petatur hinc
