1093 1746
173 58 643 55 IN T. EPIST. AD TIMOTH

861 48 32 75 63

88.0 110.0 808.0 60.0 ac difficile, quemadmodum dicere ſolemus,

94.0 157.0 805.0 61.0 Difficilia quæ pulchra:nã Epiſcopi primi ra¬

97 205 802 65 piebantur ad ſupplicia in perſecutionibus: ſic

92.0 253.0 804.0 64.0 in pace illis incumbebat cura ſanæ doctrinæ,

91.0 302.0 615.0 64.0 diſciplina morum, & alia infinita.

140.0 365.0 753.0 81.0 2 Oportet igitur epiſcopum irreprehen¬

91.0 429.0 735.0 70.0 ſibilem eſſe, vnius vxoris maritum, &c.

200.0 490.0 696.0 62.0 Duas boni & idonei miniſtri virtutes

97.0 545.0 797.0 59.0 recenſet. Primùm καταρατικῶς, deinde e¬

96.0 596.0 800.0 57.0 tiam ἀποφατικῶς. Ac primùm ait oportere

99.0 643.0 796.0 58.0 illum eſſe ἀνεπίληπτον, infrà ad Tit.I. vocat

101.0 691.0 794.0 60.0 ἀνέγκλητος, quod ſignificat hominem qui cri¬

99.0 740.0 795.0 60.0 minis non poſsit conuinci, vt ſit apud Eccle¬

100.0 791.0 794.0 57.0 ſiam extra crimen: non enim vult ſine pec¬

98.0 839.0 798.0 58.0 cato eſſe, tum enim nullus idoneus eſſe poſ¬

90.0 886.0 805.0 62.0 ſet miniſter, ſed atroci crimine vacare. De¬

88.0 937.0 807.0 63.0 inde apud homines, nam ad Deum ſi rem

91.0 988.0 798.0 63.0 conferamus, vtique omnes ſumus ἐπίληπτοι.

91.0 1040.0 803.0 57.0 Deinde VNIVS VXORIS VIRVM,

90.0 1086.0 807.0 62.0 hoc eſt, non polygamus eſſe debet, vt tum

94.0 1136.0 801.0 63.0 omnes Orientales, imprimis Iudæi plures

97.0 1186.0 798.0 59.0 alebant vxores: hoc vitium in miniſtro non

91.0 1234.0 803.0 63.0 eſſe ferẽdumoſtendit. Itaque damnatur pri¬

88.0 1287.0 806.0 61.0 mùm hîc polygamia: deinde concubinatus,

92.0 1334.0 805.0 61.0 vbi nulla legitima habetur, vt multæ aut va¬

90.0 1386.0 806.0 57.0 riæ cõcubinæ. Præterea ſi vna legitima, aliæ

92.0 1434.0 806.0 58.0 accedunt concubinæ. Præterea dãnatur etiã

95.0 1481.0 801.0 78.0 cœlibatus, vt fine illo non poſsit eſſe idoneus
