1075 1740
200 62 33 49 56

390 52 460 51 COMMENTARII

195 107 798 59 cui tamen affine eſt πλέγμα, & Græcũ πλέ¬

199.0 158.0 796.0 59.0 γμα de reticulo crinium & fuco criſpandi

200.0 205.0 349.0 63.0 pilum propriè dici.

244.0 258.0 747.0 50.0 Auro ornari mulierem piam non decet, in

195.0 304.0 805.0 60.0 eo enim luxus eſt ſuperfluus: damnatur hîc

195.0 354.0 790.0 60.0 luxus aurum intexendi veſtibus, annulorum,

196.0 405.0 791.0 60.0 torquium, fibularum, amuletorum, quo gene¬

195.0 455.0 796.0 57.0 re nos inſigniter peccamus: non ſolùm matro

196.0 502.0 795.0 60.0 næ, quæ catenis, annulis, reticulis aurum pro¬

197.0 552.0 791.0 57.0 dunt, ſed viri etiam. Alii auribus infigunt, a¬

197.0 602.0 796.0 59.0 lii potant, edunt, nihil non in perniciem &

203 651 520 53 luxum auri comminiſcuntur.

252.0 696.0 738.0 60.0 Vnionibus eadem imminet turpitudo ab

195.0 749.0 795.0 58.0 hominibus. Cleopatra inſignem luxum vo¬

193.0 800.0 796.0 57.0 randis vnionibus, & Antonius prodiderunt:

196.0 852.0 792.0 53.0 noſtræ matronæ crines & reticula eis ornant.

203.0 899.0 781.0 59.0 VESTITV PRECIOSO, quæ per partes & ſpe¬

195.0 949.0 789.0 58.0 cies damnauit, nunc in genere perſtringit,

195.0 996.0 792.0 57.0 q.d.in omni veſtitu qualiſqualis ſit cauen¬

196.0 1045.0 791.0 57.0 dum eſſe luxum: ſic ruſticus in ſuo lacero ſa¬

196.0 1091.0 793.0 65.0 gulo decorum ſeruet, ciuis in toga vrbana,

194.0 1142.0 801.0 59.0 Senator, Cõſul, Nobilis, in ſumma ſinguli de¬

193.0 1191.0 795.0 58.0 corũ ſeruent. Eadẽ ratio eſt in veſtitu mulie¬

194.0 1242.0 769.0 62.0 bri, de quo propriè hîc loquitur Apoſtolus.

249.0 1306.0 457.0 48.0 10 Sed quod decet, &c.

263.0 1338.0 718.0 71.0 Iterum affirmatiue loquitur: ſumma, τό

191.0 1396.0 796.0 59.0 πρέπον ſeruandum eſt in omni habitu. Deco¬

189.0 1450.0 801.0 58.0 rum autẽ hoc regatur à pietatis regula, non

190.0 1494.0 815.0 69.0 iudicio humano. PER OPERA BONA, addit

877.0 1550.0 110.0 69.0 Apo¬
