1070 1749
137.0 53.0 634.0 57.0 IN I. EPIST. AD TIMOTH

838.0 43.0 36.0 72.0 21

63.0 104.0 809.0 62.0 mum eſt ab vſu. Finis totius doctrinæ eſt cer¬

66.0 151.0 807.0 64.0 ta vtilitas, hoc eſt, ædificatio: ſed hanc non

69.0 202.0 806.0 63.0 præſtat aduerſariorum doctrina, eſt igitur ſtu

69.0 251.0 802.0 64.0 diosè cauenda. ζητήσεις & οἰκοδομίαν opponit

72.0 301.0 797.0 63.0 vt contraria: ideo ζίτησις hîc eſt inutilis quæ¬

67.0 347.0 804.0 66.0 ſtio, quales ſunt nugæ Iudæorum, & poeta¬

71.0 402.0 800.0 61.0 rum, & bona pars narrationum in legenda pa¬

81.0 450.0 790.0 60.0 trum, ac vitis. Porrò ædificatio conſueta eſt

87.0 497.0 782.0 65.0 Apoſtolo metaphora, qua ſignificat profe¬

91.0 545.0 776.0 65.0 ctum in melius. Quo admouemur ſtudium &

91.0 593.0 773.0 65.0 conatum proficiendi in hac vita debere eſſe

90.0 647.0 776.0 60.0 perpetuum: qui enim ædificat, non habet ab¬

88.0 691.0 778.0 65.0 ſolutam & perfectam domum. Ideo vt ſimus

86.0 742.0 776.0 66.0 aliquando vera & viua Dei templa ſemper

83.0 785.0 297.0 61.0 elaborandum eſt.

111.0 840.0 751.0 58.0 Eſt autem ille profectus Deo referendus

76.0 887.0 786.0 63.0 acceptus, ideo hic Dei dicitur ædificatio, cùm

79.0 936.0 785.0 65.0 mali ſemper in peius proficiant. Et eſt in fi¬

93.0 986.0 770.0 61.0 de, quia fides religionis noſtræ fundamẽtum

94.0 1035.0 768.0 63.0 eſt, quod Chriſto nititur lapide angulari. I¬

89.0 1084.0 772.0 65.0 deo ædificium noſtrum in fide creſcit, ad

94.0 1129.0 691.0 73.0 quam tota doctrina eſt accommodanda.

134.0 1201.0 725.0 62.0 5 Finis autem mandati eſt charitas

90.0 1250.0 650.0 76.0 ex puro corde & conſcientia bona &c.

141.0 1316.0 714.0 64.0 Quinta ratio à fine, ad quem tota doctri¬

65.0 1369.0 793.0 62.0 na eſt accommodanda: loquitur autem hîc

66.0 1420.0 789.0 56.0 de fine intermedio, cùm dicit finem manda¬

68.0 1467.0 787.0 70.0 ti eſſe dilectionem. Eſt autem finis perfectio

638.0 1534.0 34.0 57.0 B

698.0 1536.0 38.0 70.0 3
