1089 1743
140.0 66.0 623.0 55.0 IN I. EPIST. AD TIMOTH.

808.0 71.0 50.0 54.0 19

66.0 115.0 799.0 63.0 pereſſe: nam mox infrà deſperatos ipſis no¬

67.0 165.0 801.0 60.0 minibus traducit, Alexandrum & Hymenæũ

71.0 214.0 795.0 61.0 indubiè quia hi iam planè reprobi & inemẽ¬

73.0 262.0 794.0 62.0 dabiles facti erant. iſti autem quos indefinitè

72.0 313.0 797.0 59.0 hîc taxat, nondum tales erant redditi. Præte¬

70.0 366.0 801.0 58.0 rea anceps eſt quoque hoc modo, quia tã ad

80.0 412.0 789.0 60.0 auditores quàm doctores referri poteſt. Et

91.0 462.0 773.0 57.0 verbum ἐτεροδιδασκαλέῖν non abhorret ab v¬

93.0 511.0 772.0 62.0 traque corruptela, & pronomẽ τισὶ quoque.

95.0 556.0 772.0 63.0 Itaque vtrinq.erat periculum huic Eccleſiæ:

94.0 609.0 773.0 59.0 certi .n. erãt falſi doctores Euãgelii corrupto¬

93.0 658.0 773.0 59.0 res per obſeruationem Legis, & inter au¬

95.0 706.0 771.0 60.0 ditores qui faciles in hac re præberent cor¬

90.0 755.0 778.0 61.0 ruptoribus aures. Vtrique malo vna eſt &

83.0 805.0 783.0 63.0 eadem poſita medicina, vigilantiá ſcilicet

85.0 846.0 176.0 67.0 Timothei.

116.0 913.0 471.0 55.0 4 Nec attendere fabulis.

132.0 955.0 734.0 63.0 Secundi argumenti eſt declaratio, nam

90.0 1008.0 770.0 57.0 illud ἕτερον deducit in ſuas vicinas ſpecies,

104.0 1054.0 757.0 61.0 quas in illa Eccleſia metuebat. Μυθικὸν eſt fi¬

89.0 1103.0 774.0 61.0 ctum & fabuloſum, cui opponitur το ἀληθὲς

98.0 1157.0 763.0 58.0 verum ac firmum, quod eſt perpetuum.

89.0 1200.0 773.0 61.0 His fabulis attendebent primùm auditores.

86.0 1253.0 777.0 59.0 qui eis oblectabantur: deinde doctores qui do

74.0 1299.0 790.0 59.0 ctrinam ad fabulas accommodabant. De

66.0 1348.0 796.0 58.0 his fabulis Iudaicis vide adhuc Hebræorum

65.0 1398.0 799.0 63.0 commenta in Legem, & Prophetas, quid

66.0 1446.0 794.0 63.0 de Adamo, de ſerpente, de Eua, de Ange¬

65.0 1497.0 798.0 69.0 lis fabulentur notum eſt. Sic de Meſsia,

614.0 1548.0 83.0 53.0 B 2
