1055 1739
210.0 73.0 30.0 45.0 42

390.0 57.0 461.0 56.0 COMMENTARII

195.0 120.0 515.0 48.0 Sacramentis donec reſipiſcat.

240.0 162.0 742.0 56.0 Maiorem vocarunt ſecluſionem ab omni

193.0 210.0 785.0 53.0 licito actu: non multùm differt ab anathe¬

192.0 258.0 789.0 61.0 mate, quod pronunciari debebat ſolùm in

194.0 308.0 783.0 61.0 eos, qui in S.Sanctum finaliter peccaſſent,

195.0 358.0 780.0 57.0 damnationiſque ſuæ æternæ non dubia de¬

195.0 405.0 780.0 61.0 diſſent argumẽta. Id poterant Apoſtoli, po¬

194.0 455.0 785.0 59.0 ſtera Eccleſia non ita facilè in homines pri¬

197.0 505.0 786.0 59.0 uatos pronuntiauit, quia ſemper ſpes Eccle¬

194.0 554.0 794.0 59.0 ſiæ eſt de emendatione, &c. Vide locum de

196.0 604.0 382.0 57.0 Excommunicatione.

463.0 862.0 178.0 49.0 CAPVT

669.0 855.0 75.0 55.0 II.

205.0 1078.0 183.0 74.0 D

402.0 936.0 579.0 67.0 Vo ſunt fideliũ officia in publicis

404.0 986.0 578.0 70.0 cœtibus: audire ſanam doctrinam

404.0 1040.0 582.0 55.0 ex verbo Dei, & cum toto cœtu

405.0 1091.0 580.0 62.0 preces ad Dominum fundere. De

198.0 1137.0 787.0 67.0 priore iam actum eſt capite primo. Nunc

197.0 1179.0 784.0 71.0 ad alterum deſcendit, admonens Timo¬

197.0 1228.0 785.0 69.0 theũ vt ſuis author ſit in Epheſina Eccleſia,

199.0 1284.0 776.0 63.0 vt in precibus ſeruent εὐταξίαν pietati con¬

198.0 1328.0 775.0 68.0 gruentem, præſertim quum Eccleſiæ ad¬

199.0 1383.0 776.0 62.0 huc omnes ſub infidelibus agerent magi¬

205.0 1433.0 170.0 66.0 ſtratibus.

250.0 1477.0 732.0 78.0 Et quia in cœtibus publicis quoque orant

899.0 1530.0 80.0 53.0 mu¬
