1031 1754
391.0 50.0 464.0 63.0 COMMENTARII

212.0 72.0 55.0 51.0 130

208.0 114.0 792.0 58.0 illa ætate, ſcil. vt iuniores omnes nubãt dum

212.0 158.0 783.0 69.0 prædicta pericula cauere nõ poſsũt. Hinc ꝓ¬

208.0 208.0 793.0 67.0 bantur ſecundæ nuptiæ, quia Apoſtolus illa¬

207.0 256.0 790.0 68.0 imperat iuniorib. viduis, adeóq. præfert voto

208.0 303.0 786.0 69.0 ſanctæ viduitatis: igitur ſanctas eſſe oportet

209.0 353.0 780.0 69.0 nuptias ſecundas. Ratio eſt, quia his votum

212.0 401.0 779.0 68.0 caſtitatis laqueus eſt, & occaſio perditionis:

212.0 452.0 781.0 71.0 ergo vitandũ. Addit autẽ Apoſtolus bona o¬

217.0 501.0 778.0 72.0 pera, vt priùs, cõiugalia, quæ verè Deo placẽt:

215.0 553.0 777.0 67.0 vt eſt liberos gignere & educare, domũ rege¬

213.0 601.0 781.0 68.0 re, cauere infamiæ notas. Vide de hac re ele¬

216.0 648.0 783.0 75.0 gãtem epiſt. apud Cyprianũ, lib.1.epiſt.11.eſt.

276 707 526 58 15 Iam enim quædam, &c.

310.0 751.0 684.0 68.0 Addit cõcluſioni nonum argumentũ ab

216.0 804.0 777.0 71.0 exemplis ſumptum: vſu enim ipſo edoctus A¬

223.0 852.0 769.0 72.0 poſtolus canonẽ hunc de nuptiis repetendis

217.0 902.0 775.0 69.0 conſtituit. De certis exẽplis loquens, ait quaſ¬

219.0 953.0 775.0 67.0 dam euerſas eſſe, retro Satanam abeundo,

221.0 1000.0 771.0 70.0 quod non poteſt niſi de plena apoſtaſia à to

228 1050 675 66 ta Chriſtianiſmi profeſsione intelligi.

286 1112 494 58 16 Quòd ſi quis fidelis, &c.

314.0 1153.0 676.0 62.0 Generalis epilogus ſecundi loci, de ido

221.0 1202.0 771.0 62.0 neis ſaltem admittẽdis, vt de publico alantur:

219.0 1252.0 771.0 66.0 repetit igitur generalem ſententiam, vt quæ

220.0 1303.0 762.0 60.0 habeat amicos & ab his alatur. Vides hîc vi

221.0 1352.0 766.0 62.0 duam dici nõ veram quæ habet πιςτόν, hoc eſt,

224.0 1404.0 759.0 60.0 filium, aut nepotem, vt dixit ver.4. vel quæ

220.0 1450.0 766.0 62.0 habet πιςτὴν, hoc eſt, filiam, aut neptem: talis

223.0 1501.0 761.0 73.0 vidua debet ali à ſuis domeſticis, & opponitut

960.0 1531.0 33.0 70.0 ei
