1060 1746
141.0 82.0 633.0 54.0 IN I. EPIST. AD TI MOTH.

827.0 78.0 27.0 61.0 31

53.0 135.0 808.0 59.0 in quibus doctrinæ ſanitatem ſuo Euangelio

60.0 182.0 801.0 60.0 alligauit. Ideo iam de vocatione nõnihil diſ¬

61.0 234.0 800.0 57.0 ſerit: prædicat autem hîc inſignem Dei mi¬

61.0 280.0 799.0 59.0 ſericordiam, ideo à gratiarum actione ordi¬

61.0 330.0 799.0 57.0 tur. Obſeruandus eſt hîc vocationis Apoſto¬

62.0 380.0 799.0 60.0 licæ author, Chriſtus Ieſus: ideo non poteſt

66.0 429.0 796.0 58.0 non auguſtũ & magnificum eſſe munus. Gra¬

74.0 481.0 785.0 56.0 tiæ autẽ non meriti eſſe indicat phraſis, πιςτὸν

81.0 527.0 778.0 60.0 ἡγήσατο, fidelẽ reputauit, ſcil. quũ natura talis

82.0 574.0 778.0 61.0 non eſſem: ideo ſuprà dixit ἑπιςτεόθην paſsiua

82.0 622.0 777.0 63.0 forma Alterum Chriſti beneficiũ, quod cum

85.0 675.0 776.0 58.0 officio nouo, nouas addit vires, quo pertinet

84.0 723.0 775.0 60.0 illud τοῖς ἀδυναμώσαντι: hoc nõ præſtare poſ¬

79.0 772.0 778.0 61.0 ſunt homines, qui officium quidẽ cõmittunt,

76.0 820.0 754.0 60.0 ſed ingenium & vires non poſſunt addere.

93.0 871.0 768.0 59.0 Hũc ordinẽ Apoſtolus mutauit, & prædicat

79.0 920.0 780.0 59.0 primũ poſterius, h.e. vires in docẽdo, ꝙa mira¬

82.0 966.0 775.0 62.0 bilis erat ſucceſſus cõiũctus doctrinæ Paulinę.

84.0 1011.0 766.0 74.0 Hinc demũ aſcendit ad eius veram cauſam.

135.0 1078.0 431.0 55.0 13 Qui prius erant, &c.

117.0 1117.0 743.0 64.0 Vt illuſtriſsimũ reddat Dei in ſe beneficiũ,

84.0 1169.0 778.0 61.0 ſe priùs ad ima deprimit. Habes hîc illuſtre

79.0 1221.0 784.0 62.0 exemplũ confeſsionis peccatorũ. Tria autem

76.0 1271.0 788.0 60.0 enormia fatetur peccata: primò, quòd fuerit

68.0 1316.0 796.0 64.0 blaſphemus: deinde, quòd perſecutor, & tertiò

66.0 1370.0 798.0 58.0 calumniator. His tantis ſcele ribus nihil oppo

67.0 1418.0 797.0 60.0 nit aliud quàm nudã Dei miſericordiã. Ἠλεή¬

69.0 1463.0 798.0 60.0 θην, inquit, miſericordiã ſum aſſecutus, nõ re¬

74.0 1514.0 796.0 59.0 pudiando oblatã miſericordiã. Addit tamen

70.0 1565.0 798.0 67.0 aliquam rationem, QVIA IGNORANS FECI,
