1092 1739
144 54 628 58 IN I. EPIST. AD TIMOTH.

841.0 57.0 41.0 53.0 47

84 106 798 60 Deus ſit rogandus. Deinde impios non indi¬

89.0 156.0 797.0 58.0 gnos eſſe noſtra interceſsione, itẽ de nullis re¬

89.0 202.0 796.0 61.0 probis facilè deſperandum cùm indiſcrimi¬

86.0 256.0 798.0 58.0 natim pro his omnibus orandum ſit. Com¬

88.0 304.0 796.0 64.0 plemus hoc modo Chriſti mandatum, vt ho¬

86.0 354.0 558.0 65.0 ſti benefaciamus, præcipientis.

136.0 415.0 596.0 67.0 Vt tranquillam & quietam, &c.

157.0 500.0 726.0 61.0 Tertio loco indicat quo fine ſit orãdum.

93.0 550.0 788.0 61.0 Primò vt trãquillã vitã degamus, hoc eſt, pro

91.0 599.0 792.0 63.0 pace publica Reip. nã ſub illius alis tuti poſsũt

92.0 649.0 788.0 61.0 eſſe fideles. Ideo rogandus eſt Deus, vt ſem¬

100.0 699.0 781.0 62.0 per aliquod hoſpitiũ piis excitet, vbi tutò illi

97.0 748.0 782.0 62.0 ſeruire poſsint. H'ρεμία, trãquillitas eſt, qualis

94.0 799.0 784.0 59.0 in mari cælo ſereno apparet, vbi mare placi¬

92.0 846.0 787.0 62.0 dũ eſt, & ſibi relictum ab externis cauſis mo¬

89.0 894.0 789.0 61.0 tuũ liberũ : ἠσυχία autẽ trãquillitas animi, v¬

86.0 941.0 793.0 63.0 bi intra ſe etiã nihil habet quod perturbatio¬

86.0 994.0 793.0 58.0 ni dare poſsit occaſionẽ: pax igitur tutiſsima

85.0 1041.0 791.0 66.0 eſt, vbi ab externis & domeſticis ſeditionibus

85.0 1087.0 793.0 69.0 tuti ſumus. Εὐσέβεια, certa eſt colẽdi Deũ ra¬

88.0 1139.0 791.0 60.0 tio Σεμινότης autẽ honeſtæ vitæ ac morũ. Ita¬

91.0 1188.0 788.0 62.0 que ad hos duos fines accõmodari debẽt pre¬

86.0 1237.0 795.0 64.0 ces piorũ ad cõſeruationẽ veræ pietatis, & ad

81.0 1289.0 796.0 57.0 honeſtatem vitæ: & quia ad hoc etiam pro

78.0 1336.0 796.0 63.0 magiſtratibus orandum eſt, patet magi¬

77.0 1384.0 799.0 60.0 ſtratum vtriuſque cuſtodem eſſe, veræ ſcili¬

79.0 1436.0 798.0 56.0 cet doctrinæ, & honeſtatis vitæ, in vtraque

80.0 1481.0 794.0 72.0 conſeruanda eſt ſubditis pax. Similia habes
