1087 1743
135 52 643 58 IN I. EPSIT. AD TIMOTH.

831 52 48 70 163

66 106 811 68 culo vitæ præclarè te geſsiſti, perge igitur

68.0 152.0 691.0 66.0 magno & forti animo in cœptocurſu.

118.0 200.0 642.0 69.0 13 Denuntio tibi coràm Deo, &c.

147.0 254.0 725.0 72.0 Quarto loco ſeruanda illi proponit ea

69.0 296.0 801.0 77.0 quæ hactenus tradidit, magna & ſanctiſsima

63.0 351.0 807.0 69.0 conteſtatione: ac vt res maiori pondere & af¬

63.0 397.0 805.0 73.0 fectu à Timotheo audiretur, conteſtat ionem

73.0 450.0 794.0 72.0 geminam præmittit. Ducitur argumentum

71 493 517 70 à Dei præ ſentia & poteſtate.

93.0 545.0 769.0 73.0 Coram Deo enim geri dicitur quod ſingu¬

57.0 592.0 802.0 77.0 lari illius timore agitur, cúmque inſpectore &

57.0 644.0 801.0 73.0 animaduerſore Deo. Omnia quidẽ illi præ¬

62.0 691.0 790.0 75.0 ſentia: ſed illa imprimis coràm ei dicuntur,

62.0 739.0 792.0 76.0 quæ curat & promouet, aut quorũ neglectũ

56.0 793.0 795.0 72.0 ſingulariter punit. Sic à potẽtia quoque, VI¬

56.0 843.0 793.0 67.0 VIFICAT OMNIA:ergo oportet magno illius

49.0 891.0 802.0 67.0 timore in officio verſari, habet enim vitæ &

47.0 940.0 796.0 69.0 necis poteſtatẽ Et à Chriſti exẽplo, QVI SVB

43.0 990.0 801.0 71.0 PONTIO PILATO CONFESSIONEM ILLAM

44.0 1041.0 800.0 63.0 SPECIOSAM STATVIT. Confeſsionẽ hãc ex¬

44.0 1086.0 800.0 71.0 plico ex cap.18.Ioan. Deinde refero ad totã

39.0 1135.0 799.0 71.0 hiſtoriam Paſsionis ac mortis. Vnde efficitur,

43.0 1184.0 801.0 71.0 miniſtros exemplo Chriſti debere in confeſ¬

50.0 1235.0 793.0 68.0 ſione veritatis contra omnia vitæ pericula

49.0 1282.0 792.0 72.0 quàm conſtãtiſsimè perdurare, & ob id in of¬

37.0 1335.0 698.0 62.0 ficio etiam extra periculum eſſe fortes.

100 1381 630 65 14 Vt ſerues hoc mandatum, &c,

124.0 1433.0 713.0 73.0 Redditio eſt, cõtinens inſtituti propoſi¬

37 1478 794 93 tionẽ, ſignificat ſe obteſtationes illas attuliffe,

566 1554 77 68 L 2
