1063 1750
108.0 35.0 639.0 52.0 IN I. EPIST. AD TIMOTH.

808.0 39.0 25.0 51.0 17

50.0 91.0 789.0 57.0 tutiores contra corruptelas) neceſſarium eſſe

51.0 136.0 788.0 57.0 vt habeant manentes, & in eis hærentes mi¬

54.0 184.0 783.0 59.0 uiſtros idoneos. Ratio eſt, quia hoc Apoſto¬

55.0 230.0 782.0 64.0 lus in Epheſina Eccleſia fecit, qui reliquit Ti¬

57.0 282.0 780.0 59.0 motheum manentem illic aliquandiu mini¬

55.0 332.0 782.0 61.0 ſtrum. Sic in Creta reliquit Titum. Tit.1.

60.0 383.0 777.0 56.0 verſ.5. & Actor.14. verſ.21.teſtatur in omni¬

64.0 427.0 772.0 57.0 bus Eccleſiis Paulum cum Barnaba conſti¬

70.0 478.0 507.0 62.0 tuiſſe paſtores & presbyteros.

103.0 529.0 730.0 60.0 Propoſitionis ratio prima hinc petatur à

77.0 575.0 758.0 64.0 fine conſilii Apoſtolici. Hoc fine relictus eſt

82.0 626.0 752.0 64.0 Timotheus Epheſi, ergo in hoc diligenter

76.0 676.0 758.0 61.0 debet incumbere. Sic valet ad generalem

75.0 727.0 760.0 55.0 propoſitionẽ. Hoc fine cõſtituuntur miniſtri

67.0 776.0 766.0 57.0 in Eccleſiis vt ſanam doctrinã tueantur con¬

62.0 826.0 769.0 60.0 tra corruptelas: ergo in hoc debent vigilãter

60.0 873.0 771.0 61.0 incumbere. Quòd hoc fine ſit iſtic relictus

63.0 924.0 769.0 60.0 hinc probatur: quia proficiſcens eum rogauit

72.0 974.0 760.0 60.0 Vt maneret Epheſi, Act.2o. de hac profectio

69.0 1023.0 761.0 62.0 ne videtur loqui. Alii ad illam quæ eſt 16. vel

70.0 1073.0 755.0 57.0 etiam ad hanc quæ eſt cap.19. Act. referunt.

69.0 1120.0 757.0 62.0 Lector diiudicet ad quam poſsit aptiſsimè

67.0 1171.0 755.0 58.0 accommodari. Porrò quòd rogauit, mode¬

61.0 1219.0 766.0 60.0 ſtiæ Apoſtolicæ argumentum eſt:rogat diſci

59.0 1269.0 765.0 61.0 pulum cui mandare poterat, ſed voluit prom

53.0 1322.0 765.0 55.0 ptum & ſpontaneum illis præficere mini¬

42.0 1365.0 776.0 61.0 ſtrum, ideo vſus eſt potius ſuaſoriis argumẽ¬

46.0 1415.0 775.0 64.0 tis, quàm Apoſtolica autoritate præcipiẽdo.

106.0 1467.0 712.0 66.0 Altera ratio eſt à genere corruptæ do¬

636.0 1508.0 26.0 80.0 B
