1083 1770
212 88 53 41 100

399 75 444 44 COMMENTARII

209.0 127.0 813.0 59.0 in vendendo proximum: idem agricolæ di¬

208.0 177.0 814.0 59.0 ctabit, & aliis in genere omnibus. Sed Apo¬

208.0 225.0 809.0 59.0 ſtoli explicatio audiẽda eſt. Propoſitum fuit,

207.0 274.0 809.0 60.0 in diſciplina vitæ fugiendam ſuperſtitionem

210.0 324.0 802.0 61.0 ac profanationem, ſequendam autem ipſam

211.0 372.0 789.0 57.0 veram colendi Deum rationem. Ratio erat,

210.0 421.0 797.0 60.0 quia illa modicam habent vtilitatem:hoc au¬

210 471 804 59 tem ad omnia prodeſt. Nunc hoc etiam pro¬

209.0 520.0 805.0 61.0 bat hac explicatione addita. HABET PRO¬

209.0 572.0 806.0 55.0 MISSIONEM VITAE PRAESENTIS ET FV¬

214.0 618.0 805.0 59.0 TVRAE. promiſsionem accipio de defenſio¬

206.0 669.0 814.0 59.0 ne diuina, de auxilio Dei præſenter nos defen

206.0 718.0 811.0 57.0 dente, eripiente ex periculis, fortunãte cona¬

207.0 767.0 808.0 62.0 tus noſtros, & ſimilia. Nunc plana erit ſen¬

209.0 819.0 804.0 55.0 tentia: vera ratio colendi Deum quæ dicitur

208.0 864.0 799.0 58.0 εὐσέβεια, hæc ſola habet promiſsiones diuinas,

207.0 916.0 806.0 58.0 de tutela, de defenſione diuina quoad hanc

209.0 966.0 805.0 58.0 vitam, & futuram: ergo ad omnia prodeſt.

208.0 1012.0 807.0 61.0 Si ad omnia prodeſt, ergo ſola ſequenda eſt.

207.0 1064.0 807.0 56.0 Plena autem eſt enumeratio præſentis & fu¬

207.0 1114.0 807.0 57.0 turæ vitæ partitione propoſita. Ac quod hãc

210.0 1161.0 803.0 58.0 vitam attinet, promiſsio manifeſta eſt, quia

208.0 1205.0 803.0 60.0 verè Deum colentibus in veteri Teſtamen¬

206.0 1254.0 802.0 62.0 to Deus promiſit, quod ipſorum Deus & ſe¬

203.0 1305.0 804.0 60.0 minis illorum futurus ſit, hoc eſt, protector &

201.0 1354.0 801.0 63.0 defenſor: quæ promiſsio ad Abrahami poſte¬

203.0 1405.0 801.0 59.0 ritatem pertinuit eatenus ſi manſerit in ſta¬

204.0 1454.0 800.0 56.0 tutis Domini, hoc eſt, Deũ ſic colerẽt, quem¬

204.0 1504.0 806.0 74.0 admodum colendum ſeſe propoſuerat. Hinc

935 1556 75 90 ſoli
