1086 1730
102 50 663 53 IN L. EPIST. AD TIMOTH.

807 49 55 59 129

48.0 98.0 811.0 66.0 quam adulti edebant in Baptiſmo poſt con¬

52 149 804 63 uerſionem, renunciantes Satanæ & mundo,

55.0 197.0 803.0 66.0 obſtringentéſq. ſe vni Chriſto. Hunc negant

59.0 247.0 799.0 61.0 viduæ laſciuæ, cogitantes defectionẽ à toto

57.0 296.0 799.0 64.0 Chriſtianiſmo. Alii primam fidem accipiunt

56.0 348.0 802.0 57.0 pro voto caſtæ & ſanctæ viduitatis, quod vo¬

54.0 395.0 807.0 61.0 tum poſtea frangunt nuptias meditãdo. Hinc

57.0 444.0 797.0 67.0 πίςτις eſt συνθήκη & Neder, votum: mihi prior

59 488 277 64 arridet ſenſus.

98 549 585 63 1 Simul autem & otioſæ, &c.

144.0 597.0 708.0 61.0 Tertium malum quod hinc fluit: red¬

58.0 644.0 796.0 72.0 dũtur ἀργαί: quartò fiunt vagabundæ: quintò

64.0 701.0 788.0 62.0 φλύαροι, nugaces, garrulæ: φλύαρος dicitur nu¬

64.0 748.0 789.0 63.0 garum amatrix, & φλυαρολογία, ſtudiũ nugan¬

55.0 798.0 795.0 65.0 di, & φλυαρόγραφοι, illarum ſcriptores: deniq.

54.0 851.0 799.0 59.0 περίεργοι, curioſæ, inquirentes in res nõ neceſ¬

50.0 896.0 803.0 62.0 ſarias, vel quæ ipſarum ſcire nihil interſit: in¬

51.0 949.0 801.0 59.0 quirunt enim libenter in proximi vicini mo¬

47.0 997.0 808.0 61.0 res & familiam. Hæc catena malorum efficit

50.0 1047.0 813.0 59.0 vt ſint cauendæ. Argumentum omnium tale

49.0 1096.0 808.0 62.0 eſt, Quid quid eſt periculoſum & plenum ſcã¬

51.0 1145.0 807.0 64.0 dalo, id miniſtro diligenter eſt cauendum, ſed

54.0 1197.0 802.0 62.0 iunores viduas miniſterio adhibere, & illa¬

55.0 1249.0 800.0 60.0 rum vti conſortio, plenũ eſt periculo ac ſcan¬

52.0 1297.0 654.0 63.0 dalo:ergo diligenter eſt cauendum.

102 1355 378 53 14 Volo igitur, &c.

143.0 1397.0 715.0 61.0 Illatio ex ſuperiorib. vt plurimum con¬

41.0 1446.0 817.0 59.0 ſequentibus, & veris malis: conſtituit autem

48.0 1497.0 814.0 74.0 generalem regulam quæ valere debet intota

679.0 1547.0 20.0 74.0 1
