1036 1758
100.0 27.0 628.0 55.0 IN I. EPIST. AD TIMOTH.

792.0 38.0 40.0 49.0 23

90.0 79.0 746.0 62.0 Deinde proximus eſt gradus, conſcientia

59.0 129.0 775.0 60.0 bona, hoc eſt, integra. Eſt conſcientia pars

60.0 177.0 777.0 59.0 memoriæ, qua de actib. noſtris bene aut malè

63.0 227.0 773.0 59.0 cõſcii ſumus: hæc quia mille teſtium eſt, ideo

64.0 276.0 770.0 58.0 nos vel abſoluit, vel reos agit corã Deo. Hac

66.0 326.0 769.0 57.0 damnabantur Iudæi, Rom.2.V.1.qui ipſi fa¬

64.0 376.0 772.0 59.0 ciebant, quæ in aliis damnabant. Eadem A¬

71.0 422.0 765.0 60.0 poſtolum Paulum abſoluit, 1 Cor.4. verſu

80.0 473.0 756.0 60.0 4. Nullius mihi conſcius ſum, ſed in hoc non

85.0 522.0 751.0 60.0 iuſtificatus ſum. 2. Corinthiorum 1. verſu 12.

92.0 572.0 739.0 58.0 teſtimonium bonæ conſcientiæ ſe habere

85.0 620.0 745.0 64.0 gloriatur, hoc eſt, quæ ipſum abſoluat co¬

88.0 669.0 128.0 58.0 ram Deo.

113.0 718.0 712.0 60.0 Tertio loco additur, FIDES NON FI¬

97.0 767.0 727.0 64.0 CTA, hoc eſt, quæ viuida ſit, ſignificat fi¬

87.0 819.0 741.0 58.0 dei vocabulum latè patere. Eſt enim quæ¬

81.0 866.0 754.0 58.0 dam vera, quæ Iacobo dicitur viua : alia

87.0 914.0 748.0 58.0 peroſa, ornata bonis fructibus bonorum

91.0 964.0 742.0 60.0 operum, & per hanc imprimis declaratur

98.0 1012.0 735.0 63.0 dilectio. Alia eſt hypocritica, quæ Iacobo

88.0 1063.0 747.0 59.0 mortua dicitur, atque illa vel impudens

84.0 1111.0 751.0 63.0 eſt, carens omni ſtudio bonorum ope¬

90.0 1159.0 739.0 62.0 rum, qualis eſt in prophanis Chriſtianis,

100.0 1211.0 729.0 61.0 qui de fide, hoc eſt, profeſsione glorian¬

82.0 1258.0 750.0 60.0 tur: interim autem petulanter viuunt, vt

83.0 1303.0 748.0 64.0 qui hodie de fidei iuſtitia gloriantur diſ¬

72.0 1354.0 761.0 59.0 ſolutè viuentes. Vel eſt fuco tecta, qua¬

72.0 1401.0 763.0 63.0 lis eſt in Phariſaica vita, hanc remouet

73.0 1448.0 760.0 77.0 hîc. His tribus gradibus vera dilectio eſt

593.0 1501.0 94.0 77.0 B 4
