1072 1769
410 71 449 57 COMMENTARII

223.0 91.0 56.0 40.0 114

217 125 795 63 mento munitam. Duo autem hîc conſide¬

215.0 176.0 797.0 61.0 randa veniunt: præceptum &cauſa præcepti.

219.0 225.0 793.0 60.0 Præceptum eſt, ATTENDE TIBI ET DO¬

219.0 273.0 792.0 62.0 CTRINAE: quod ſibi ipſi iubet attendere, re¬

216.0 319.0 791.0 62.0 fero ad moderandos affectus inter docen¬

217.0 370.0 787.0 63.0 dum, vt iuuenilibus cogitationibus ſeſe non

220.0 420.0 784.0 64.0 permittat, ſed audiat Spiritum S.optimum

221.0 469.0 790.0 59.0 gubernatorem. Nos diceremus, halt dich ein

221.0 515.0 791.0 60.0 zoum: ideo mox ſequenti capite præſcribit for

218.0 567.0 794.0 58.0 mam quomodo cuiuſque ætatis & conditio¬

227 613 682 57 nis homines debeat vtiliter admonere.

275.0 664.0 736.0 58.0 Doctrinæ aũt attẽdere, accipio pro ſanæ

216.0 712.0 797.0 60.0 doctrinæ cura, vt ad hanc quaſi cynoſurã om¬

215.0 763.0 793.0 53.0 nia ſua conſilia referat, & doceat quàm fre¬

217.0 811.0 791.0 57.0 quentiſsimè ſanam doctrinam, vt quàm la¬

219.0 861.0 786.0 60.0 tiſsimè propagetur, vt ipſe Apoſtolus fecit.

221.0 914.0 786.0 53.0 Hanc ſententiam etiam immoratione illu¬

220.0 963.0 795.0 59.0 ſtrat, vt priùs in illatione: non enim poteſt

223.0 1009.0 789.0 60.0 rei huius magnitudinem, & neceſsitatem ſa¬

231 1056 290 59 tis commendare.

315.0 1103.0 696.0 62.0 Cauſa tanti præcepti eſt duplex, & vim

220.0 1151.0 790.0 68.0 habet ab egregio & ſpecioſo fructu. Hoc

223.0 1207.0 789.0 56.0 SI FECERIS, SERVABIS TEIPSVM, hoc

217.0 1247.0 792.0 69.0 eſt, conſequeris coronam illam beatam quæ

218.0 1298.0 791.0 69.0 debetur electis, inter quos ipſi doctores

221.0 1354.0 785.0 59.0 præcipui ſunt. Prima igitur cura doctoris

217.0 1398.0 791.0 62.0 ſit pro ſuæ animæ ſalute: dicitur autẽ ſeruare

218.0 1448.0 791.0 64.0 ſe organicè, alioquin principaliter & abſolu¬

221.0 1496.0 791.0 98.0 tè Deus ſeruat, vt priusdixit, qui eſt ſeruator

929 1555 86 83 om¬
