1089 1746
195.0 68.0 35.0 48.0 36

369.0 43.0 456.0 62.0 COMMENTARII

235.0 111.0 752.0 52.0 Repetit ſuum exemplum, vt aliis proſit.

191.0 145.0 799.0 67.0 Oſtẽdit autem fines Dei quos reſpexerit in

193.0 195.0 796.0 70.0 Pauli vocatione. Duo ſunt cohærentes: prior

192.0 243.0 796.0 71.0 eſt, vt extaret exemplũ illuſtre diuinæ lõga¬

194.0 295.0 793.0 70.0 nimitatis, quæ vbique homines ad pœniten¬

195.0 342.0 793.0 70.0 tiam inuitat. Rom.2.ver.4. hanc quaſi totam

194.0 391.0 795.0 69.0 in Pauli vocatione effudit: amplificat enim

198.0 441.0 794.0 68.0 peccatum ſuum, vt illuſtris ſit Dei miſeratio.

196.0 488.0 802.0 69.0 Et obſerua Chriſto tribui illam ſummã mi¬

198.0 541.0 802.0 66.0 ſericordiæ poteſtatem, ex quo Deus probe¬

201.0 593.0 801.0 64.0 tur: ſolius enim Dei eſt ſummo peccatori,

201.0 646.0 804.0 59.0 qualis fuerat Paulus ſummam communicare

204.0 691.0 797.0 66.0 gratiam. Alter finis eſt, vt pii haberẽt formu¬

203.0 737.0 802.0 70.0 lam iuſtificationis per fidem. Prior finis ad

203.0 791.0 799.0 61.0 omnes pertinet etiam incredulos: nam lon¬

207.0 838.0 791.0 67.0 ganimitas omnibus offertur, ſic Pharaoni, Iu¬

205.0 885.0 796.0 69.0 dæ, Sauli, ſimilibúſque oblata eſt. Sed fide il¬

205.0 937.0 801.0 65.0 lam amplecti non omnium eſt, ideo hic finis

207.0 988.0 798.0 64.0 ad electos tantùm ſpectat. Ac ſuum exem¬

212.0 1036.0 799.0 63.0 plum vocat ὐποτόπωσιν, hoc eſt, illuſtrem &

211.0 1087.0 801.0 61.0 viuam rei demonſtrationem, quales ſunt pi¬

209.0 1136.0 808.0 60.0 cturæ Mathematicorum, quibus demonſtrãt

207.0 1187.0 807.0 60.0 ſuas propoſitiones: vocant hoc πρὸ ὀμμάτων

211.0 1235.0 801.0 58.0 ποιέῖν, rem ad viuum oculis ſubiicere. Tale

211.0 1284.0 797.0 59.0 exemplum eſt etiam Matthæi, Zacchæi, la¬

213.0 1332.0 786.0 61.0 tronis in cruce, & ſimilium: ſic de Abrahæ

213.0 1394.0 610.0 49.0 exemplo loquitur Rom.4.ver.24.

252.0 1428.0 758.0 62.0 Colligãtur hîc cauſæ Iuſtificationis ac Re¬

212.0 1480.0 803.0 68.0 miſsionis peccatorum: vera cauſa efficiens

950.0 1523.0 73.0 65.0 eſt
