1087 1757
222 65 40 49 80

398.0 59.0 448.0 55.0 COMMENTARII

222.0 116.0 791.0 55.0 quartũ argumentũ ad diligẽtiam, qui a mini¬

220.0 161.0 796.0 63.0 ſtri tractant myſteria ſolis piis ὁμολογούμενα:

222.0 212.0 792.0 57.0 ergo vigilandum illis ne tanta myſteria ſuo

223.0 259.0 788.0 60.0 vitio polluant. Diſcamus ex hoc argumento

221.0 306.0 788.0 63.0 quæ ſit vera Eccleſia Chriſti in his terris, ni¬

220.0 357.0 784.0 60.0 mirum quæ inter alia etiam quædam habet

221.0 406.0 783.0 63.0 confeſſa & conceſſa dogmata, αὐτοπιςτὰ & ὁμο¬

221.0 453.0 789.0 66.0 λογούμενα, vt hîc loquitur Apoſtolus, hoc eſt,

223.0 505.0 789.0 61.0 talia de quibus piis non licet dubitare. Nam

222.0 554.0 792.0 60.0 dubitãdo produnt ſe non eſſe pios. Interim

222.0 601.0 793.0 61.0 de his dubitat & diſputat totus mundus. Sic

221.0 651.0 794.0 63.0 omnes facultates ſuas habent hypotheſes,

223.0 702.0 794.0 61.0 quas non licet in dubium vocare. Hypothe¬

228 748 768 66 ſes igitur Chriſtianæ pietatis hoc loco ſunt.

281 818 637 78 1. Deus manifeſtatus eſt in carne.

314 887 698 54 Hoc eſt, Deus carnem aſſumpſit. Ioan.1.

225.0 933.0 779.0 58.0 Deus caro factus eſt. In Chriſto, igitur duæ

225.0 981.0 784.0 59.0 vnitæ ſunt naturæ diuina & humana in vna

225.0 1030.0 780.0 60.0 perſona:atque hanc hypotheſin qui negant,

224.0 1082.0 789.0 57.0 principia pietatis conuellunt: ratio eſt, quia

224.0 1126.0 787.0 61.0 Apoſtolo eſt ὁμολογούμενον : videãt ergo quid

221.0 1175.0 791.0 68.0 agant Arriani, & ſimiles qui hoc totum in

229 1219 298 60 dubium vocant.

288 1287 438 62 3 Iuſtificatus in ſpiritu.

287.0 1333.0 716.0 63.0 Hoc eſt, Chriſtus Dei filius homo factus

222.0 1386.0 781.0 62.0 iuſtitiæ laudem obtinuit, quòd ſit pura & i¬

223.0 1434.0 785.0 65.0 donea hoſtia pro hominum peccatis delen¬

225.0 1483.0 784.0 80.0 dis, iuſtificatus dicitur abſolutus, & liber pro¬

854.0 1546.0 158.0 69.0 nuntia¬
