1075 1751
134 53 648 60 IN I. EPIST. AD TIMOTH.

822 59 42 56 99

61 108 803 64 Aliquid illa quidẽ ſunt, imò magna, ſed quid

62 154 801 65 reſpectu abuſus? hypocritæ ei longè maiora

66 204 794 65 aſsignãt, merita erogationis & ſupererogatio

64 254 796 64 nis, gradũ in cælo, vitam æternam, & ſimilia.

93 304 766 62 Deinde addit alterum argumentum à na¬

58 354 801 62 tura εὐσεβείας, QVAE AD OMNIA V¬

63 405 797 59 TILIS EST: opponit gymnaſiæ veram

65 453 794 58 pietatem, q.d.exceſſui verã rationem colen¬

64 499 795 66 di Deum. Id quod plus prodeſt præferri ſem¬

63 552 794 60 per debet in vſu rerum: bonum enim maius

62 600 794 63 præſtantius eſt, ſed pietatis ratio plus prodeſt

62 646 552 63 cæcis illis exercitiis. Ergo, &c.

96 700 759 61 Πάντα accipio hîc comprehenſim genera¬

63 748 791 63 liter, hoc eſt, ad vitæ æternæ commoda, & vi¬

58 798 796 60 tam æternam conſequendam, & rectè oppo¬

53 847 800 57 nunt voces ὀλίγον & πάντα. Exercitatio cor¬

54 896 800 59 poris hîc bis cadit: primùm ſua natura, dein¬

54 945 801 61 de relatiuè ad pietatem veram. Sed excipiunt

50 993 805 65 hîc ſuprà, ſuperſtitioſi, quomodo pietas ad

48 1045 805 62 omnia poſsit? quomodo ad agriculturam?

47 1094 806 59 mercaturã? artes mechanicas diſcendas? Re¬

53 1142 804 61 ſpondemus etiam ad has & in his plurimum

57 1193 798 55 prodeſſe, nam in omnibus actionibus æqui¬

54 1243 804 61 tatem reſpicere iubet, Dei gloriam, proximi

50 1292 805 59 commodum, & iuſtitiæ communẽ regulam:

41 1340 812 59 ſic ad mercaturam prodeſt, ne fiat ex merca¬

42 1390 815 57 tore honeſto turpis vſurarius, aut impoſtor, in

40 1437 817 61 mechanicis dictat honeſta viuendi ratione,

43 1486 814 77 oportere eſſe contentum, nec defraudandum

614 1536 87 74 G 2
