1063 1757
143 62 650 49 IN I. EPIST. AD TIMOTH.

828 73 32 48 93

101.0 125.0 760.0 42.0 Damnanda hic eſt conſecrandi ratio im¬

69.0 163.0 793.0 59.0 pia, qua res in Papatu conſecrantur ad vſus

65.0 210.0 798.0 57.0 inſolitos, quos natura nõ habet, nec à Deo his

63.0 258.0 800.0 60.0 inditi ſunt, vt dum conſecrant herbas, radi¬

61.0 309.0 802.0 56.0 ces, ramos arborum, plantarum ad fugandos

59.0 360.0 802.0 58.0 dæmones. Oua conſecrant contra incendia,

62.0 408.0 801.0 61.0 campanas contra tempeſtates, aquam, ſalem

72.0 457.0 791.0 62.0 contra peccata:ignem, aërem, terram, aquã,

74.0 504.0 790.0 61.0 omnia conſecrant, hoc eſt, nouis vſibus dedi¬

74.0 556.0 791.0 61.0 cant magna certe impietate: id non conſe¬

77.0 603.0 790.0 63.0 ctare, ſed magicis artibus potius eſt demen¬

79.0 653.0 788.0 61.0 tare & prophanare. Hinc cõſecrationibus ta¬

80.0 705.0 791.0 58.0 libus certa tempora ſunt deputata, vt in die

81.0 750.0 788.0 61.0 Marci, fructus terræ conſecrant: in die aſcen¬

76.0 799.0 794.0 61.0 ſionis Mariæ herbas, arbores, fructus, & radi¬

74.0 849.0 799.0 59.0 ces: die Stephani pabula iumentorum: in die

74.0 897.0 800.0 63.0 Ioannis vina: in die Paſchatis lacticinia, mel¬

73.0 946.0 805.0 66.0 la, agnellos, carnes, butyrum, panes, placẽtas:

72.0 995.0 803.0 66.0 in die Natali, gladios militares, vexilla mili¬

76.0 1045.0 802.0 66.0 taria, altaria, campanas, ſalem, elementa, & ſi¬

76.0 1097.0 802.0 62.0 milia, de quibus vide canoniale diuinorum, &

74 1143 262 62 ſimiles libros.

121 1203 638 63 6 Hæc ſi ſubieceris fratribus, &c.

119.0 1247.0 763.0 67.0 Epilogus eſt cœptæ narrationis de futuris

69.0 1299.0 812.0 62.0 Eccleſiæ corruptelis in doctrina de matrimo

69.0 1349.0 816.0 60.0 nio, & ciborum delectu : depromatur hinc

74.0 1395.0 813.0 64.0 propoſitio loci, Timotheus & omnis bonus

76.0 1445.0 813.0 62.0 Chriſti miniſter de his corruptelis quàm fi¬

78.0 1497.0 810.0 71.0 deliſsimè ſuos auditores monere debet:ratio
