1081 1744
148 61 633 56 IN I. EPIST. AD TIMOTH.

827 68 38 62 115

67.0 113.0 799.0 58.0 omnium hominum, maximè fidelium. Hoc

70.0 161.0 795.0 61.0 non euertit quin Timotheus ſui quoque ſit

70.0 208.0 794.0 56.0 ſeruator: Deus enim in ipſo ſeruando eodem

76.0 257.0 786.0 62.0 vtebatur organo. Sic ad Philip.2. iuſsit nos

73 309 790 56 vt cum timore & tremore operemur ſalutem

69.0 355.0 792.0 60.0 noſtram: ſeruat igitur Deus nos, ſed non ſine

71.0 404.0 793.0 61.0 nobis, & coronat in appellationibus ſua do¬

77.0 454.0 785.0 60.0 nain nobis, cúmque ipſe vnicus ſit ſaluator

78.0 503.0 785.0 57.0 & ſeruator, tamen nos noſtri ſeruatores dici

80 550 190 64 permittit.

111.0 599.0 749.0 61.0 Altera cauſa eſt, diligentia in officio effi¬

76.0 652.0 787.0 58.0 ciet quoque vt alios ſeruet, hoc eſt, auditores

75.0 701.0 785.0 62.0 ſuos, hos, inquit, ſeruabis vnà tecum, hoc eſt,

67.0 751.0 792.0 58.0 eris cauſa media & organum bonum, per

73.0 800.0 785.0 60.0 quod illi ſaluabuntur. Sic Iacobus cap.5.ait,

69.0 850.0 789.0 55.0 Qui peccat orem cõuertit à peccato ſuo, ani¬

63.0 897.0 797.0 56.0 mam liberat à morte. Et Dan.12.Splende¬

64.0 946.0 797.0 59.0 bunt vt ſtellæ cæli in æternum qui alios ad

61.0 994.0 797.0 61.0 iuſtitiam erudierint. Sic Apoſtolus dicit ſe ge

61.0 1047.0 795.0 56.0 nuiſſe Corinthios, quum ſolus Deus rege¬

61.0 1113.0 122.0 38.0 neret.

121.0 1141.0 734.0 60.0 Organis tribuit Scriptura nomine, quia

66.0 1194.0 789.0 55.0 coperarii ſunt Dei & diſpenſatores myſte¬

65.0 1243.0 789.0 57.0 riorum Dei. Sed organa ſe meminerint, quæ

59.0 1290.0 795.0 63.0 ſi ad Deum comparentur, rectè dicent ſe ni¬

50.0 1335.0 220.0 71.0 hil eſſe, &c.

592.0 1435.0 100.0 60.0 H 2
