1077 1742
154 59 633 58 IN I. EPIST. AD TIMOTH.

832 63 41 54 111

75 111 791 63 adulti hærentes in perplexis quæſtionibus,

73 163 799 58 vtlocis in ſpeciem pugnantibus. Item con¬

72.0 211.0 799.0 59.0 tumaces, qui noſtra oppugnant: nam & κατη¬

73.0 260.0 797.0 59.0 χητικόν eſt διδακτικόν, & ἐλεγχτικὸν, & καταςκε ¬

71.0 308.0 802.0 62.0 υαστικὸν, hoc eſt, quo noſtra probamus, quo

68.0 357.0 803.0 58.0 errores confutamus, & quo rudimenta tra¬

69.0 406.0 805.0 63.0 dimus. Porrò hæc duo: doctrina inquam &

76.0 457.0 796.0 56.0 conſolatio, fluunt ex lectione priuata, quæ

76.0 503.0 794.0 61.0 dictabit modum in his, & ſuppeditabit ſem¬

78.0 555.0 795.0 58.0 per idonea quæſtionum omnium argumen¬

78.0 600.0 796.0 60.0 ta & valébit hîc quod dici ſolet, lectio decies

80.0 652.0 794.0 61.0 repetita placebit. Ideo diligenter & ſeriò à

78 696 509 67 iuuenibus eſt amplectenda.

133 759 558 58 14  Ne donum negligas, &c.

87.0 804.0 784.0 60.0 Tranſit ad generalia, nam hîc eum hor¬

70.0 855.0 802.0 60.0 tatur in genere ad donorum ſuorum cultum,

74 900 798 65 vt illa diligenter excolat, & auctiora reddat.

99.0 950.0 774.0 61.0 Sit illa cura decima donorum priuato¬

64.0 999.0 811.0 63.0 rum ſtudium augendi illa & reddendi ſplen¬

67.0 1053.0 807.0 62.0 didiora. χαρίσματα intelligo tum naturæ in¬

67.0 1102.0 809.0 58.0 dolem, quod fuerit εὐφυὴς, quod quanquam

69.0 1149.0 808.0 68.0 naturæ ſit, non mpedit Spiritus ſancti eſſe

75 1197 154 57 donum.

85.0 1248.0 792.0 61.0 Deinde dona piæ educationis, vt quòd

71.0 1299.0 807.0 54.0 ſacras literas à puero didicerat. Denique ſin¬

67.0 1346.0 811.0 59.0 gularia, quæ illi fortè miraculosè collata erãt

62.0 1397.0 815.0 56.0 in impoſitione manuũ, qualia tũ ſæpe cõtinge

64.0 1445.0 809.0 56.0 bant piis, quale fuit maior dexteritas inter¬

73.0 1491.0 802.0 81.0 pretandi Scripturam quam habuerit priùs:
