1097 1760
222.0 90.0 30.0 42.0 30

367.0 76.0 465.0 52.0 COMMENTA.RII

207.0 133.0 795.0 60.0 autem Euangelium gloriæ, vel quia eſt glo¬

206.0 183.0 796.0 57.0 rioſa doctrina, hoc eſt, præſtantiſsima, nec vn

208.0 229.0 349.0 61.0 quam ſati laudata.

260.0 276.0 739.0 63.0 Et ſanè præſtãtiſsima eſt, quia integrales

208.0 328.0 786.0 60.0 duas partes ſanæ doctrinæ complectitur, pœ¬

208.0 378.0 783.0 57.0 nitentiam ſcilicet & remiſsionem: patefecit

200.0 429.0 787.0 58.0 enim peccatum & ob id Legem docet, dein

207.0 479.0 792.0 55.0 de mõſtrat peccatorum remedium & remiſ¬

205.0 526.0 796.0 60.0 ſionẽ in Chriſto oſtendit. Deinde hæc capita

206.0 575.0 792.0 60.0 clarè & purè docet, ſine omnibus typis ac ce¬

206.0 626.0 793.0 54.0 remoniis, ſecus faciebat vetus Teſtamẽtum:

204.0 672.0 794.0 60.0 ſed poteſt hîc etiam eſſe ſenſus, Euangelium

205.0 723.0 794.0 61.0 gloriæ dici à ſubiecto, hoc eſt, quod Dei glo¬

204.0 773.0 792.0 53.0 riam imprimis illuſtrat, atq. huc facit cohærẽs

204.0 821.0 789.0 59.0 comma, BEATI DEI, q. d. explicat Dei beati

208.0 874.0 783.0 56.0 veram gloriam. Sed & hinc cõuincitur, quòd

203.0 919.0 786.0 60.0 hæc doctrina ſit præſtãtiſsima: ratio eſt, quia

203.0 969.0 789.0 62.0 Dei gloriam illuſtrat. Sita autem eſt gloria

202.0 1017.0 788.0 58.0 Dei in claritate, amplitudine & efficacia, qui¬

201.0 1064.0 788.0 61.0 bus modis luculenter ſeſe patefecit in Euan¬

206.0 1114.0 788.0 59.0 gelio. Beatus dicitur Deus, quia nos beatos ef

200.0 1165.0 792.0 63.0 ficit per prædicationẽ Euangelii, & hæc bea¬

199.0 1241.0 689.0 35.0 titudo reuelata nobis eſt in Euangelio.

246.0 1264.0 738.0 58.0 Ad hanc doctrinam igitur, vt ſanam alli¬

202.0 1316.0 777.0 57.0 gat Timotheum & omnes pios, cuius mini¬

201.0 1359.0 506.0 69.0 ſterium ipſi concreditum eſt.

261.0 1418.0 448.0 63.0 12. Et gratiam habeo, &c.

245.0 1458.0 737.0 60.0 Tertium membrum de ſua vocatione diſ¬

190.0 1510.0 787.0 74.0 ſerit. Cohæret autem pulchrè ſuperioribus,

929.0 1576.0 56.0 49.0 in
