1074 1770
204 85 55 44 68

372 73 453 52 COMMENTARII

203 128 790 58 ſtrare: negatiuè igitur rectè colligit Apoſto¬

203 176 801 58 lus, ac defectus ſcientiæ includit etiam defe¬

203 225 815 63 ctum facultatis, quaſi dicat, non poteſt planè

207 272 437 63 vtilis eſſe talis Eecleſiæ.

264 335 413 64 6 Non nouitium, &c.

322 387 673 61 Νεέφυτος dicitur recèns plantatus : veο¬

206 436 794 65 κατηχητης, nouiter admiſſus ad religionis pro¬

205 487 803 55 fesionem, quales dicebantur Catechumeni:

207 535 802 65 igitur nouitius dicitur, qui in his quæ ad mi¬

206 586 798 53 niſterium neceſſaria ſunt, rudis adhuc eſt

209 632 798 63 Huic imminent duo pericula, prius à ſeipſo

212 684 797 61 poſterius ab auditorib. Ex ſeipſo, ne fiat infla

208 734 800 61 tus, hinc arrogans & aliorũ contẽptor, cõple¬

211 783 796 60 tur in eo quod dici ſolet, magiſtratus virũ ar¬

215 835 791 59 guit. Ex auditoribus autem periculum eſt,

209 880 795 64 inuidia, nam ωθόνος πρὸς τόν ἔχοντα έρπος, ta¬

211 931 794 61 men Apoſtolus illa conuertit quaſi poſterius

212 980 795 61 ex priore fluat, & reuera inflati ruunt in ca¬

211 1031 798 59 lumniatoris iudicium: poteſt igitur & calum¬

212 1079 799 58 niator eſſe Satan, qui nouitios præcipitat er

214 1128 796 57 vno in aliud peccatum, & commodè dicitur

213 1176 799 58 calumniator, quia Deum apud hominẽ tra¬

213 1223 805 62 ducit, vt teſtatur hiſtoria paradiſi, & hominẽ

213 1270 806 65 apud Deum, vt eſt videre in Iobo, & deniq.

216 1320 798 60 homines apud homines: in hoc tam variũ &

216 1370 665 65 graue iudicium Satanæ cadunt iſti.

280 1444 628 79 7 Oportet autem ipſum etiam, &c.

307 1504 705 76 Bono teſtimonio miniſtrũ munit cõtra

799 1558 212 69 calummias.
