1065 1756
216 67 46 50 146

393 55 468 53 COMMENTARII

213 111 807 55 & profeſsioni minimè reſpõdeat, nomẽ Dei

211.0 152.0 811.0 66.0 blaſphematur: ſic argumentatur Apoſtolus

214.0 201.0 810.0 67.0 ad Rom.2.V.24. Iudæorum moribus effectũ

217.0 251.0 805.0 65.0 vt nomẽ Domini malè audiat apud Gentes,

218.0 298.0 803.0 66.0 quemadmodũ & D. Petrus ſcribit 2. epiſtola

220.0 348.0 795.0 66.0 2.V.2.de falſis doctoribus. Hac ratione in pri

217.0 397.0 796.0 68.0 mitiua Eccleſia magnã & indignã inurebant

221.0 448.0 803.0 65.0 veritati notam ſerui, qui prætextui libertatis

223.0 496.0 804.0 67.0 Chriſtianæ ſeſe iugo ſeruitutis cupiebant exi

221.0 542.0 804.0 67.0 mere. Hinc. n. Ethnici clamabãt, Ecce hæc il

224.0 592.0 799.0 63.0 lorum eſt doctrina, reddit nobis ſeruos ſedi¬

225.0 645.0 806.0 65.0 tioſos, &mancipia ad arma incitat:quæ calu¬

223.0 692.0 811.0 64.0 mnia, doctrina fuit diluenda: deinde ſeruorũ

223.0 744.0 813.0 64.0 conſtantia in ſeruitute. Ideo grauiſsimo argu

227.0 794.0 808.0 62.0 mento eos vrget, ne Dei nomen ipſorum re

226.0 840.0 808.0 66.0 bellione calumniã patiatur. Altera ratio eſt,

225.0 887.0 811.0 73.0 candẽ calumniã ad doctrinã Euãgelii ſpecta¬

229.0 944.0 811.0 61.0 re, quo genere vehementer peccarunt no¬

230.0 989.0 814.0 68.0 ſtro ſeculo refloreſcente vera Euangelii do¬

231.0 1040.0 811.0 60.0 ctrina Catabaptiſtæ, qui miſeram ruſticam

233.0 1089.0 806.0 60.0 turbam ad arma incitarunt libertatis Chri¬

235.0 1138.0 809.0 59.0 ſtianæ prætextu. Nam curſum Euang elio

240.0 1186.0 803.0 59.0 præcluſerũt apud multos qui clamabãt, Ecce

236.0 1235.0 806.0 62.0 hoc illorum eſt Euangeliũ, ſeditionibus om¬

236.0 1284.0 806.0 64.0 nia cõplere. Contrà hîc docet Apoſtolus, hoc

237.0 1336.0 799.0 58.0 ipſo nomine imprimis cauẽ das ſeditiones, &

240.0 1383.0 794.0 62.0 ſeruilẽ rebellionẽ, ne doctrina Chriſti calum

240.0 1435.0 538.0 61.0 niam patiatur apud infideles.

300 1484 737 75 2 Qui verò habẽt fideles dominos, &c.

900 1545 141 63 Occur¬
