1073 1741
153 71 638 46 IN I. EPIST. AD TIMOTH.

840 44 31 85 57

74.0 118.0 795.0 61.0 Apoſtolus, quia operis rationem habet, quo¬

76.0 172.0 668.0 57.0 cunque tandem ædificatur proximus.

136 227 611 48 11 Mulier in ſilentio diſcat, &c.

160.0 272.0 709.0 57.0 Alterum membrum huius inſtitutionis

71.0 323.0 799.0 60.0 de muliebri decoro in conuerſatione Eccle¬

68.0 376.0 802.0 59.0 ſiaſtica. Præceptum repetatur ex 1.Cor.14.

72.0 428.0 801.0 50.0 quo mulieri docere non permittitur in Ec¬

77.0 472.0 798.0 61.0 deſia. Hîc oſtendit præcipuas virtutes dome¬

84.0 525.0 789.0 58.0 ſticas in cauſa religionis, quales ſunt ἡσυχία,

87.0 573.0 780.0 61.0 modeſtia in diſcendo ſine ſcrupuloſitate: ὑπο¬

88.0 623.0 700.0 64.0 ταγὴ ſtudium parendi legitimo imperio.

143 693 546 55 12 Mulieri autem docere, &c.

168.0 739.0 702.0 59.0 Contra ſtudium dominandi agit: quod

88.0 787.0 783.0 65.0 declarant mulieres vel præſumptione, quan¬

83.0 845.0 788.0 52.0 do doctrices eſſe volunt: vel priuatim plus

78.0 888.0 796.0 60.0 ſapere viris ſuis ſibi videntur, vtrunque pro¬

78.0 940.0 798.0 54.0 hibet. DOCERE NON CONCEDO, in¬

84.0 986.0 789.0 63.0 quit, NEC αὐθεντεῖν, hoc eſt, imperiosè age¬

81.0 1039.0 793.0 56.0 re in virum. Hinc authentica dicuntur quæ

83.0 1088.0 795.0 58.0 habent authoritatem, vt libri authẽtici. Nec

82.0 1134.0 793.0 66.0 frangit regulam hanc, quòd aliquando mu¬

80.0 1186.0 794.0 59.0 lieres præ fuerint rebus, vt Debora, Anna, &

72.0 1234.0 802.0 64.0 ſimiles, quia extraordinaria exempla non frã¬

76.0 1300.0 469.0 47.0 gunt legem communem.

125.0 1352.0 530.0 45.0 13 Adam enim primus, &c.

178.0 1386.0 693.0 61.0 Confirmat cur mulieri non ſit permit¬

74.0 1438.0 799.0 60.0 tendum imperium : ratio eſt, ab ordine crea¬

76.0 1486.0 795.0 68.0 tionis. Primò, Adam conditus eſt, ergo fa¬
