1067 1755
386 46 449 49 COMMENTARII

215.0 50.0 60.0 52.0 136

208.0 92.0 802.0 64.0 metuant, offenſam eiuſdem, quæ fluit exper¬

210.0 143.0 801.0 59.0 petrato peccato. Illuſtre igitur hinc ducitur

208.0 190.0 808.0 60.0 argumentum, Timor in Eccleſia eſt confir¬

208.0 239.0 804.0 62.0 mandus: ergo Eccleſiaſtica iudicia grauiter

209.0 289.0 566.0 61.0 ſunt adminiſtranda.

263.0 340.0 635.0 64.0 21 Obteſtor in conſpectu Dei, &c.

313.0 393.0 690.0 59.0 Grauiſsima obteſtatione concludit lo¬

212.0 441.0 799.0 63.0 cum de iudiciis Eccleſiaſticis, quæ argumen¬

212.0 493.0 800.0 61.0 ta aliquot ſuppeditat. Primùm enim hoc ge¬

212.0 543.0 803.0 53.0 nus dicendi non adhibet Apoſtolus niſi in re¬

212.0 589.0 802.0 62.0 bus grauiſsimis, maximíque momenti: cuius

212.0 639.0 803.0 63.0 exempla ſuprà aliquot vidimus, & infrà cap.

215.0 691.0 801.0 59.0 6.ver.13. quoque habebimus: cùm igitur de

211.0 740.0 802.0 58.0 iudiciis Eccleſiaſticis agens idem adhibeat,

213.0 790.0 801.0 63.0 vtique piè & religiosè ſunt adminiſtranda.

211.0 837.0 802.0 60.0 Deinde quia obteſtatur per cõſpectum Dei,

208.0 887.0 805.0 60.0 hoc eſt, præ ſentiam eius: ex quo efficitur Dei

222 936 774 62 eſſe iudicia, in quibus ipſe velit eſſe præſens.

278.0 987.0 733.0 57.0 Sciant igitur iudices Dei ſe eſſe vicarios,

210.0 1035.0 804.0 57.0 & inter iudicandum ad illius voluntatem re¬

207.0 1086.0 809.0 59.0 ſpiciant, pronunciéntque tãquam Deo præ¬

207.0 1134.0 803.0 57.0 ſente & inſpiciente ipſorum corda. Tertio.

210.0 1182.0 802.0 58.0 PER CHRISTVM DEI FILIVM, ſcilicet iu¬

207.0 1230.0 805.0 59.0 dicem ſuperiorem ad cuius tribunal illis quo¬

208.0 1278.0 800.0 62.0 que olim ſit ſubeundum iudicium. Quartò.

209.0 1331.0 793.0 60.0 PER ELECTOS ANGELOS, teſtes ſcilicet no¬

206.0 1381.0 798.0 57.0 ſtrorum iudiciorum, quæ de aliis peccatori¬

205.0 1427.0 803.0 59.0 bus ferimus & conſortes vitæ æternæ, qui ad

209.0 1477.0 800.0 76.0 Chriſti Domini noſtri tribunal ſpectateres

900 1542 108 55 erunt
