<?xml version="1.0" encoding="UTF-8"?>
<alto xmlns:xsi="http://www.w3.org/2001/XMLSchema-instance"
      xmlns="http://www.loc.gov/standards/alto/ns-v4#"
      xsi:schemaLocation="http://www.loc.gov/standards/alto/ns-v4# http://www.loc.gov/standards/alto/v4/alto-4-2.xsd">
  <Description>
    <MeasurementUnit>pixel</MeasurementUnit>
    <sourceImageInformation>
      <fileName>bsb10313792_00149.jpg</fileName>
    </sourceImageInformation>
  </Description>
  <Tags>
    <OtherTag ID="BT7" LABEL="CustomZone" DESCRIPTION="block type CustomZone"/><OtherTag ID="BT8" LABEL="DamageZone" DESCRIPTION="block type DamageZone"/><OtherTag ID="BT9" LABEL="DigitizationArtefactZone" DESCRIPTION="block type DigitizationArtefactZone"/><OtherTag ID="BT10" LABEL="DropCapitalZone" DESCRIPTION="block type DropCapitalZone"/><OtherTag ID="BT11" LABEL="GraphicZone" DESCRIPTION="block type GraphicZone"/><OtherTag ID="BT12" LABEL="MainZone" DESCRIPTION="block type MainZone"/><OtherTag ID="BT13" LABEL="MarginTextZone" DESCRIPTION="block type MarginTextZone"/><OtherTag ID="BT14" LABEL="MusicZone" DESCRIPTION="block type MusicZone"/><OtherTag ID="BT15" LABEL="NumberingZone" DESCRIPTION="block type NumberingZone"/><OtherTag ID="BT17" LABEL="QuireMarksZone" DESCRIPTION="block type QuireMarksZone"/><OtherTag ID="BT18" LABEL="RunningTitleZone" DESCRIPTION="block type RunningTitleZone"/><OtherTag ID="BT19" LABEL="SealZone" DESCRIPTION="block type SealZone"/><OtherTag ID="BT20" LABEL="StampZone" DESCRIPTION="block type StampZone"/><OtherTag ID="BT21" LABEL="TableZone" DESCRIPTION="block type TableZone"/><OtherTag ID="BT22" LABEL="TitlePageZone" DESCRIPTION="block type TitlePageZone"/><OtherTag ID="BT1851" LABEL="MainZone-P" DESCRIPTION="block type MainZone-P"/><OtherTag ID="BT1852" LABEL="MainZone-Head" DESCRIPTION="block type MainZone-Head"/><OtherTag ID="BT1853" LABEL="MainZone-P-Continued" DESCRIPTION="block type MainZone-P-Continued"/><OtherTag ID="BT1854" LABEL="MarginTextZone-ManuscriptAddendum" DESCRIPTION="block type MarginTextZone-ManuscriptAddendum"/><OtherTag ID="BT1855" LABEL="text" DESCRIPTION="block type text"/><OtherTag ID="BT1856" LABEL="MainZone-Entry" DESCRIPTION="block type MainZone-Entry"/><OtherTag ID="BT1857" LABEL="MainZone-Entry-Continued" DESCRIPTION="block type MainZone-Entry-Continued"/><OtherTag ID="BT1877" LABEL="GraphicZone-Decoration" DESCRIPTION="block type GraphicZone-Decoration"/><OtherTag ID="BT1894" LABEL="MainZone-Other" DESCRIPTION="block type MainZone-Other"/>
    <OtherTag ID="LT7" LABEL="CustomLine" DESCRIPTION="line type CustomLine"/><OtherTag ID="LT8" LABEL="DefaultLine" DESCRIPTION="line type DefaultLine"/><OtherTag ID="LT9" LABEL="DropCapitalLine" DESCRIPTION="line type DropCapitalLine"/><OtherTag ID="LT10" LABEL="HeadingLine" DESCRIPTION="line type HeadingLine"/><OtherTag ID="LT11" LABEL="InterlinearLine" DESCRIPTION="line type InterlinearLine"/><OtherTag ID="LT12" LABEL="MusicLine" DESCRIPTION="line type MusicLine"/><OtherTag ID="LT636" LABEL="default" DESCRIPTION="line type default"/>
  </Tags>
  <Layout>
    <Page WIDTH="1084"
          HEIGHT="1739"
          PHYSICAL_IMG_NR="133"
          ID="eSc_dummypage_">
      <PrintSpace HPOS="0"
                  VPOS="0"
                  WIDTH="1084"
                  HEIGHT="1739">
        <TextBlock HPOS="160"
                   VPOS="63"
                   WIDTH="629"
                   HEIGHT="49"
                   ID="block_0"
                   TAGREFS="BT18">
          <Shape><Polygon POINTS="789 63 789 112 160 112 160 63"/></Shape>
          <TextLine ID="line_0"
                    TAGREFS="LT10"
                    BASELINE="162 99 640 97 781 99" 
                    HPOS="160"
                    VPOS="63"
                    WIDTH="619"
                    HEIGHT="57">
            <Shape><Polygon POINTS="162 120 184 110 256 110 266 118 268 118 269 118 271 118 330 110 515 118 526 118 527 118 530 118 581 111 669 117 670 117 672 117 708 108 776 117 779 98 776 63 172 63 160 98"/></Shape>
	    <String CONTENT="IN I. EPIST. AD TIMOTH."
                    HPOS="160"
                    VPOS="63"
                    WIDTH="619"
                    HEIGHT="57"></String>
          </TextLine>
        </TextBlock>
        <TextBlock HPOS="825"
                   VPOS="81"
                   WIDTH="63"
                   HEIGHT="36"
                   ID="eSc_textblock_c66e1bfc"
                   TAGREFS="BT15">
          <Shape><Polygon POINTS="825 81 825 117 888 117 888 81"/></Shape>
          <TextLine ID="eSc_line_2f416965"
                    TAGREFS="LT8"
                    BASELINE="831 103 884 109" 
                    HPOS="827"
                    VPOS="49"
                    WIDTH="58"
                    HEIGHT="74">
            <Shape><Polygon POINTS="830 102 827 118 878 123 882 108 885 49 834 49 830 102"/></Shape>
	    <String CONTENT="141"
                    HPOS="827"
                    VPOS="49"
                    WIDTH="58"
                    HEIGHT="74"></String>
          </TextLine>
        </TextBlock>
        <TextBlock HPOS="79"
                   VPOS="119"
                   WIDTH="809"
                   HEIGHT="248"
                   ID="block_2"
                   TAGREFS="BT1853">
          <Shape><Polygon POINTS="888 119 888 367 79 367 79 119"/></Shape>
          <TextLine ID="line_1"
                    TAGREFS="LT8"
                    BASELINE="79 157 878 153" 
                    HPOS="78.0"
                    VPOS="115.0"
                    WIDTH="800.0"
                    HEIGHT="63.0">
            <Shape><Polygon POINTS="754 115 744 115 741 115 729 119 725 121 664 121 652 118 638 115 638 115 628 115 619 115 609 115 604 115 599 118 592 122 563 122 555 117 550 115 542 115 532 115 522 115 513 115 503 115 493 115 492 115 490 117 489 117 484 115 484 115 474 115 464 115 455 115 445 115 442 115 434 116 432 116 429 116 423 115 416 115 406 115 397 115 387 115 377 115 368 115 367 115 322 122 312 115 310 115 300 115 290 115 281 115 271 115 261 115 255 115 220 123 196 115 195 115 194 115 193 115 180 120 173 115 165 115 158 115 146 121 135 115 126 115 116 115 107 115 97 115 87 115 78 115 79 157 79 178 160 170 238 178 239 178 240 178 261 170 423 170 438 174 439 174 440 174 491 168 506 173 507 173 508 173 509 173 510 173 520 168 556 168 570 176 571 176 572 176 573 176 630 168 718 172 719 172 720 172 721 172 729 167 741 175 742 175 743 175 744 176 877 176 878 153 876 121 791 121 786 120 759 115 754 115"/></Shape>
	    <String CONTENT="bis languidum &amp; inhabile ad tantum mu"
                    HPOS="78.0"
                    VPOS="115.0"
                    WIDTH="800.0"
                    HEIGHT="63.0"
                    WC="0.9739172361992501"></String>
          </TextLine>
          <TextLine ID="line_2"
                    TAGREFS="LT8"
                    BASELINE="85 207 248 203 881 204" 
                    HPOS="84.0"
                    VPOS="165.0"
                    WIDTH="797.0"
                    HEIGHT="60.0">
            <Shape><Polygon POINTS="85 207 85 217 130 217 147 224 148 224 149 224 150 224 167 216 169 216 209 216 211 216 229 224 230 224 231 224 299 216 307 216 350 216 351 216 357 221 358 221 359 221 360 221 390 217 399 223 400 223 401 223 402 223 403 223 428 216 430 216 432 216 455 224 456 224 456 225 520 225 520 224 521 224 536 217 579 217 587 222 588 222 589 222 590 222 614 217 627 223 627 223 628 223 629 223 630 223 640 216 641 216 654 216 866 224 867 224 868 224 869 224 881 216 881 204 878 168 866 173 843 169 842 169 841 169 828 173 815 169 808 166 807 166 806 166 783 167 782 167 781 167 779 169 771 174 714 174 697 170 679 165 678 165 598 165 597 165 568 171 552 173 546 171 536 165 535 165 534 165 503 171 500 171 499 171 490 165 489 165 488 165 450 165 449 165 448 165 447 165 438 171 434 174 389 174 383 172 358 165 357 165 265 165 264 165 263 165 262 165 251 173 250 173 248 173 188 166 187 166 186 166 163 174 84 174 85 207"/></Shape>
	    <String CONTENT="nus corpuſculum. Noſtræ hodie rationes"
                    HPOS="84.0"
                    VPOS="165.0"
                    WIDTH="797.0"
                    HEIGHT="60.0"
                    WC="0.9996780125718367"></String>
          </TextLine>
          <TextLine ID="line_3"
                    TAGREFS="LT8"
                    BASELINE="85 256 321 252 880 254" 
                    HPOS="85.0"
                    VPOS="214.0"
                    WIDTH="795.0"
                    HEIGHT="56.0">
            <Shape><Polygon POINTS="85 256 85 269 878 270 880 254 879 224 845 217 844 217 843 217 827 224 803 224 785 224 785 223 769 216 768 216 767 216 766 216 740 223 713 214 713 214 656 214 655 214 654 214 653 214 640 223 561 214 560 214 521 223 520 224 468 224 468 223 451 214 450 214 449 214 297 223 289 223 288 223 265 214 264 214 263 214 262 214 239 222 223 214 222 214 221 214 220 214 204 223 202 224 154 224 153 223 141 214 140 214 139 214 108 214 107 214 106 214 85 221 85 256"/></Shape>
	    <String CONTENT="inſtruendæ magis ſunt contra vini potionem"
                    HPOS="85.0"
                    VPOS="214.0"
                    WIDTH="795.0"
                    HEIGHT="56.0"
                    WC="0.9841658288524264"></String>
          </TextLine>
          <TextLine ID="line_4"
                    TAGREFS="LT8"
                    BASELINE="84 304 879 302" 
                    HPOS="83.0"
                    VPOS="265.0"
                    WIDTH="796.0"
                    HEIGHT="60.0">
            <Shape><Polygon POINTS="84 304 84 325 140 324 141 324 178 314 201 320 202 320 203 320 236 314 290 314 301 320 302 320 303 320 304 320 305 320 330 314 405 314 443 322 446 322 447 322 448 322 449 322 471 314 528 320 529 320 530 320 531 320 541 314 644 314 656 320 662 323 663 323 664 324 754 324 754 323 755 323 756 323 762 319 763 318 763 319 771 323 772 323 773 324 854 324 854 323 878 317 879 302 876 265 828 266 827 266 827 266 817 272 747 266 729 265 728 265 727 265 724 266 712 272 698 267 697 267 696 267 695 267 694 267 685 273 619 273 609 268 602 265 601 265 600 265 571 268 547 271 523 269 481 265 480 265 479 265 464 270 454 273 432 270 416 268 415 268 397 271 380 273 376 271 371 267 370 267 370 267 369 267 368 267 359 271 354 273 345 271 320 266 319 266 318 266 305 272 303 272 301 272 280 267 279 267 250 272 244 273 239 273 200 266 199 266 199 266 182 273 180 273 122 269 121 269 83 274 84 304"/></Shape>
	    <String CONTENT="quæ nimium immoderata &amp; impudens eſt"
                    HPOS="83.0"
                    VPOS="265.0"
                    WIDTH="796.0"
                    HEIGHT="60.0"
                    WC="0.9930882652600607"></String>
          </TextLine>
          <TextLine ID="line_5"
                    TAGREFS="LT8"
                    BASELINE="94 348 544 351" 
                    HPOS="91"
                    VPOS="305"
                    WIDTH="452"
                    HEIGHT="70">
            <Shape><Polygon POINTS="92 347 91 370 156 365 166 373 242 366 279 373 301 365 326 375 331 375 346 366 540 370 543 318 527 308 452 307 428 315 420 307 369 307 352 320 323 320 297 305 240 318 178 318 169 308 165 308 92 315 92 347"/></Shape>
	    <String CONTENT="apud miniſtros Chriſti."
                    HPOS="91"
                    VPOS="305"
                    WIDTH="452"
                    HEIGHT="70"
                    WC="0.9817052068917648"></String>
          </TextLine>
        </TextBlock>
        <TextBlock HPOS="82"
                   VPOS="370"
                   WIDTH="803"
                   HEIGHT="108"
                   ID="block_1"
                   TAGREFS="BT1852">
          <Shape><Polygon POINTS="885 370 885 478 82 478 82 370"/></Shape>
          <TextLine ID="line_6"
                    TAGREFS="LT8"
                    BASELINE="111 408 331 403 874 406" 
                    HPOS="111.0"
                    VPOS="366.0"
                    WIDTH="763.0"
                    HEIGHT="61.0">
            <Shape><Polygon POINTS="111 408 111 419 138 417 142 419 152 425 153 425 154 426 187 426 187 425 188 425 198 419 206 414 213 419 221 426 222 426 223 426 224 427 336 427 336 426 337 426 354 419 362 416 370 419 391 426 392 426 393 426 394 426 416 419 428 415 492 415 498 418 506 425 507 425 508 425 509 425 510 425 528 418 539 415 629 415 647 418 686 426 687 426 688 426 689 426 699 418 700 417 727 415 732 418 737 421 738 421 739 421 740 421 741 421 747 418 754 415 872 417 874 406 874 377 854 369 853 369 852 369 851 369 835 377 805 377 793 367 792 367 791 367 790 367 789 367 767 372 733 366 705 366 704 366 703 366 702 366 694 371 659 366 658 366 657 366 656 366 642 374 627 367 627 367 626 367 588 373 564 366 563 366 562 366 561 366 560 366 547 375 510 366 509 366 508 366 456 373 443 366 442 366 441 366 402 366 401 366 400 366 383 373 362 367 361 367 360 367 315 375 287 366 286 366 285 366 241 376 238 376 111 376 111 408"/></Shape>
	    <String CONTENT="24 Quorundam hominum peccata an¬"
                    HPOS="111.0"
                    VPOS="366.0"
                    WIDTH="763.0"
                    HEIGHT="61.0"
                    WC="0.9930602684617043"></String>
          </TextLine>
          <TextLine ID="line_7"
                    TAGREFS="LT8"
                    BASELINE="84 464 492 457" 
                    HPOS="82"
                    VPOS="413"
                    WIDTH="409"
                    HEIGHT="72">
            <Shape><Polygon POINTS="82 463 82 476 101 484 107 484 113 475 165 475 185 485 191 485 199 476 243 485 253 473 298 484 375 472 394 482 489 475 491 456 489 424 453 413 418 423 340 414 314 424 242 415 227 427 123 421 85 428 82 463"/></Shape>
	    <String CONTENT="te manifesta ſunt, &amp;c."
                    HPOS="82"
                    VPOS="413"
                    WIDTH="409"
                    HEIGHT="72"
                    WC="0.9978286705233834"></String>
          </TextLine>
        </TextBlock>
        <TextBlock HPOS="59"
                   VPOS="477"
                   WIDTH="830"
                   HEIGHT="691"
                   ID="block_5"
                   TAGREFS="BT1851">
          <Shape><Polygon POINTS="889 481 889 1168 69 1166 59 477"/></Shape>
          <TextLine ID="line_8"
                    TAGREFS="LT8"
                    BASELINE="126 517 260 513 881 514" 
                    HPOS="125"
                    VPOS="468"
                    WIDTH="756"
                    HEIGHT="64">
            <Shape><Polygon POINTS="125 529 181 531 182 531 191 530 223 523 232 530 233 531 234 531 235 531 236 532 294 532 294 531 295 531 296 531 297 530 308 522 379 527 380 527 415 522 450 529 451 529 452 529 471 524 484 530 485 530 486 530 487 530 488 530 502 525 532 530 540 531 541 531 542 531 543 530 554 522 678 522 693 530 694 530 743 531 744 531 745 531 747 530 763 524 798 527 832 522 879 530 881 514 880 479 856 479 855 478 845 471 844 471 843 471 842 471 841 471 840 471 832 478 831 479 749 479 747 477 725 468 724 468 570 468 569 468 568 468 558 475 513 468 512 468 511 468 501 475 496 478 487 475 468 468 467 468 466 468 465 468 450 475 441 479 401 479 388 474 369 468 368 468 367 468 366 468 348 474 334 478 300 473 294 473 293 473 292 473 291 473 285 477 279 473 271 468 270 468 269 468 268 468 267 468 252 473 234 478 140 478 126 472 126 517"/></Shape>
	    <String CONTENT="Epilogus eſt continens inſtructionem ac"
                    HPOS="125"
                    VPOS="468"
                    WIDTH="756"
                    HEIGHT="64"
                    WC="0.9979941630974795"></String>
          </TextLine>
          <TextLine ID="line_9"
                    TAGREFS="LT8"
                    BASELINE="80 564 882 562" 
                    HPOS="79.0"
                    VPOS="521.0"
                    WIDTH="803.0"
                    HEIGHT="58.0">
            <Shape><Polygon POINTS="80 564 80 574 137 577 138 577 139 577 146 575 157 572 168 575 180 578 181 578 182 578 183 578 195 575 207 572 297 572 316 575 332 578 333 578 334 578 339 575 346 572 428 572 436 576 441 578 442 578 443 579 480 579 480 578 481 578 488 576 503 572 575 576 592 577 593 577 594 577 596 576 610 571 672 576 673 576 713 571 733 577 734 577 735 577 736 578 881 578 882 562 881 526 874 521 873 521 872 521 820 521 819 521 818 521 795 528 783 531 764 528 746 526 745 526 744 526 740 528 734 532 646 532 640 529 619 521 618 521 617 521 616 521 615 521 601 530 598 532 568 532 560 530 515 521 514 521 474 527 404 522 403 522 402 522 401 522 393 528 378 522 377 522 376 522 375 522 358 529 343 523 342 523 342 523 341 523 340 523 327 532 323 532 278 526 277 526 276 526 254 532 243 525 242 525 241 525 240 525 203 530 183 523 182 523 181 523 180 523 179 523 169 530 141 522 140 522 139 522 138 522 137 522 125 531 98 526 97 526 96 526 79 532 80 564"/></Shape>
	    <String CONTENT="conſolationem: videntúrque hæc commodè"
                    HPOS="79.0"
                    VPOS="521.0"
                    WIDTH="803.0"
                    HEIGHT="58.0"
                    WC="0.9933884784579277"></String>
          </TextLine>
          <TextLine ID="line_10"
                    TAGREFS="LT8"
                    BASELINE="77 615 398 610 882 612" 
                    HPOS="76.0"
                    VPOS="570.0"
                    WIDTH="806.0"
                    HEIGHT="61.0">
            <Shape><Polygon POINTS="77 615 77 631 132 630 133 630 134 630 142 626 175 628 176 628 177 628 178 628 187 623 241 628 242 628 266 625 281 629 284 630 285 630 285 630 286 630 290 629 311 623 368 628 372 628 373 628 374 628 375 628 387 623 478 623 484 627 488 630 489 630 490 630 491 630 511 627 531 623 549 627 558 627 559 627 573 626 599 623 608 626 619 629 620 629 621 629 622 629 639 625 643 625 653 625 714 629 715 629 716 629 727 624 731 623 881 623 882 612 881 573 869 570 868 570 867 570 866 570 853 574 850 575 847 574 836 570 835 570 834 570 833 570 832 570 826 574 824 576 743 576 738 574 712 570 711 570 710 570 709 570 702 574 700 576 629 576 627 575 606 570 605 570 604 570 573 575 566 577 542 577 540 575 534 570 533 570 532 570 531 570 421 575 420 575 419 575 369 570 368 570 367 570 356 575 342 570 342 570 231 570 230 570 229 570 228 570 219 576 218 577 122 577 116 577 99 570 98 570 97 570 96 570 76 576 77 615"/></Shape>
	    <String CONTENT="ſuperioribus cohærere, ſi verſum 23.includas"
                    HPOS="76.0"
                    VPOS="570.0"
                    WIDTH="806.0"
                    HEIGHT="61.0"
                    WC="0.979564600370147"></String>
          </TextLine>
          <TextLine ID="line_11"
                    TAGREFS="LT8"
                    BASELINE="82 664 342 660 882 661" 
                    HPOS="81.0"
                    VPOS="620.0"
                    WIDTH="801.0"
                    HEIGHT="61.0">
            <Shape><Polygon POINTS="82 664 82 681 122 673 135 678 136 678 137 678 189 673 204 680 205 680 206 680 234 674 256 680 257 680 258 680 259 680 260 680 293 671 367 671 378 679 379 680 380 680 381 680 382 680 442 679 443 679 444 679 463 671 617 671 634 677 639 679 640 679 641 679 653 677 685 671 697 677 703 680 704 680 705 681 799 681 799 680 800 680 801 680 807 676 814 672 880 675 882 661 880 625 813 627 801 625 775 620 774 620 773 620 754 625 743 627 737 625 730 623 729 623 728 623 701 626 676 627 652 626 590 620 589 620 556 627 546 627 522 627 418 620 417 620 416 620 391 627 389 627 387 627 370 620 370 620 369 620 266 626 207 620 206 620 205 620 204 620 198 626 190 620 189 620 188 620 187 620 81 628 82 664"/></Shape>
	    <String CONTENT="parẽtheſi, erúntque hæc verba antipophora:"
                    HPOS="81.0"
                    VPOS="620.0"
                    WIDTH="801.0"
                    HEIGHT="61.0"
                    WC="0.989976326173002"></String>
          </TextLine>
          <TextLine ID="line_12"
                    TAGREFS="LT8"
                    BASELINE="84 714 322 710 881 710" 
                    HPOS="83.0"
                    VPOS="669.0"
                    WIDTH="798.0"
                    HEIGHT="60.0">
            <Shape><Polygon POINTS="84 714 84 729 144 723 196 728 197 728 198 728 214 721 260 728 262 728 263 728 264 728 285 720 374 724 375 724 376 724 393 719 414 726 415 726 416 726 417 726 418 726 429 719 531 719 545 725 546 725 547 725 548 725 566 719 574 726 575 727 576 727 577 727 578 727 589 726 619 721 646 725 658 727 659 727 880 723 881 710 879 676 755 676 754 676 734 669 733 669 732 669 731 669 730 669 719 676 718 677 618 677 614 677 575 670 574 670 573 670 553 677 552 677 549 677 466 670 465 670 405 677 329 671 328 671 327 671 307 678 280 671 279 671 210 671 209 671 208 671 207 671 197 678 131 671 130 671 129 671 128 671 118 679 83 679 84 714"/></Shape>
	    <String CONTENT="poterat enim dicere Timotheus, vix potero"
                    HPOS="83.0"
                    VPOS="669.0"
                    WIDTH="798.0"
                    HEIGHT="60.0"
                    WC="0.9920732640638584"></String>
          </TextLine>
          <TextLine ID="line_13"
                    TAGREFS="LT8"
                    BASELINE="86 762 882 762" 
                    HPOS="86.0"
                    VPOS="720.0"
                    WIDTH="796.0"
                    HEIGHT="60.0">
            <Shape><Polygon POINTS="86 762 86 771 140 771 141 771 169 779 170 779 171 779 204 772 237 779 238 780 302 780 302 779 303 779 320 771 322 771 325 771 357 779 358 779 359 779 377 772 379 771 419 771 422 772 438 779 439 779 440 779 508 772 522 771 549 771 552 772 565 779 566 779 567 779 629 772 648 771 704 771 711 773 730 779 731 779 732 780 761 780 761 779 762 779 773 773 778 771 784 773 799 779 800 779 801 779 802 779 822 773 829 771 836 773 853 779 854 779 855 779 882 773 882 762 881 724 801 725 796 724 780 720 779 720 778 720 745 724 723 727 718 724 712 721 711 721 710 721 676 725 668 725 664 725 641 720 640 720 639 720 630 725 626 727 616 725 602 722 601 722 600 722 590 725 583 727 580 725 574 720 573 720 572 720 491 720 490 720 489 720 479 726 476 728 439 728 436 726 427 720 427 720 426 720 360 720 359 720 358 720 357 720 347 726 332 720 331 720 330 720 266 727 259 727 256 727 229 720 228 720 228 720 209 727 208 728 128 728 127 727 117 722 116 722 115 722 86 727 86 762"/></Shape>
	    <String CONTENT="cauere hy pocritas quò minus ſeſe inſinuent"
                    HPOS="86.0"
                    VPOS="720.0"
                    WIDTH="796.0"
                    HEIGHT="60.0"
                    WC="0.9983985478227789"></String>
          </TextLine>
          <TextLine ID="line_14"
                    TAGREFS="LT8"
                    BASELINE="84 811 880 808" 
                    HPOS="83.0"
                    VPOS="768.0"
                    WIDTH="797.0"
                    HEIGHT="58.0">
            <Shape><Polygon POINTS="84 811 84 821 136 821 145 826 146 826 147 826 148 826 211 822 228 826 229 826 230 826 231 826 247 820 248 820 325 820 327 820 339 826 340 826 341 826 370 820 376 819 383 820 414 826 415 826 454 826 454 826 455 826 466 820 468 819 524 819 528 820 546 826 547 826 548 826 582 821 603 826 604 826 605 826 606 826 607 826 615 820 618 818 621 820 629 825 630 825 631 825 671 820 685 818 690 820 702 825 703 825 704 825 705 825 721 820 727 818 730 820 737 825 738 825 739 825 740 825 879 819 880 808 877 776 812 776 811 776 793 769 792 769 791 769 790 769 776 776 776 777 693 777 686 777 675 768 674 768 673 768 653 768 652 768 578 774 559 769 558 769 483 769 482 769 447 776 437 769 436 769 435 769 434 769 393 774 370 769 370 769 369 769 368 769 367 769 356 777 334 769 333 769 332 769 247 777 216 769 215 769 214 769 213 769 191 779 128 779 108 769 107 769 106 769 105 769 83 778 84 811"/></Shape>
	    <String CONTENT="&amp; ingerant vtcunque ſim prouidus &amp; ſeue¬"
                    HPOS="83.0"
                    VPOS="768.0"
                    WIDTH="797.0"
                    HEIGHT="58.0"
                    WC="0.9995579525828362"></String>
          </TextLine>
          <TextLine ID="line_15"
                    TAGREFS="LT8"
                    BASELINE="80 860 881 858" 
                    HPOS="79.0"
                    VPOS="819.0"
                    WIDTH="802.0"
                    HEIGHT="57.0">
            <Shape><Polygon POINTS="80 860 80 867 139 875 140 876 298 876 298 875 299 875 300 875 309 868 310 868 350 868 351 868 366 874 367 874 368 874 408 868 413 868 415 868 434 875 435 875 436 875 471 868 481 867 654 867 660 869 675 874 676 874 677 874 881 869 881 858 880 825 870 819 869 819 868 819 867 819 866 819 844 826 843 826 839 826 731 820 730 820 729 820 717 826 716 826 678 826 678 826 656 819 656 819 591 819 590 819 589 819 567 826 536 819 535 819 534 819 518 826 508 819 507 819 506 819 478 819 477 819 445 826 442 826 432 826 306 820 305 820 304 820 285 826 285 826 284 826 254 822 253 822 252 822 251 822 243 826 220 820 219 820 218 820 217 820 201 826 146 822 145 822 144 822 143 822 137 826 137 827 79 827 80 860"/></Shape>
	    <String CONTENT="rus examinator: malum enim occultum eſt"
                    HPOS="79.0"
                    VPOS="819.0"
                    WIDTH="802.0"
                    HEIGHT="57.0"
                    WC="0.9721936354270349"></String>
          </TextLine>
          <TextLine ID="line_16"
                    TAGREFS="LT8"
                    BASELINE="78 911 346 906 880 908" 
                    HPOS="77.0"
                    VPOS="864.0"
                    WIDTH="803.0"
                    HEIGHT="62.0">
            <Shape><Polygon POINTS="78 911 78 918 110 925 111 926 190 926 190 925 191 925 192 925 200 918 201 918 218 925 219 925 220 926 274 926 274 925 275 925 290 918 296 916 303 918 322 924 323 924 324 924 325 924 346 918 354 916 363 918 387 925 388 925 389 925 390 925 391 925 401 918 404 916 409 918 419 922 420 922 421 922 438 918 448 916 457 918 472 921 473 921 474 921 483 918 488 916 512 918 548 921 549 921 550 921 560 918 567 916 719 916 731 918 775 925 776 925 777 925 798 917 800 917 806 917 850 924 851 924 879 917 880 908 879 873 837 872 827 864 826 864 825 864 824 864 823 864 802 872 694 868 693 868 661 872 631 864 630 864 629 864 579 870 570 864 569 864 568 864 536 864 535 864 502 871 491 864 490 864 489 864 457 864 456 864 456 864 433 872 424 867 423 867 422 867 388 871 378 864 377 864 376 864 304 864 303 864 302 864 271 872 103 868 102 868 77 873 78 911"/></Shape>
	    <String CONTENT="ſæpe, vt quid ſequendum ſit ſeire non poſsit."
                    HPOS="77.0"
                    VPOS="864.0"
                    WIDTH="803.0"
                    HEIGHT="62.0"
                    WC="0.9819356891844008"></String>
          </TextLine>
          <TextLine ID="line_17"
                    TAGREFS="LT8"
                    BASELINE="80 958 880 956" 
                    HPOS="79.0"
                    VPOS="913.0"
                    WIDTH="801.0"
                    HEIGHT="63.0">
            <Shape><Polygon POINTS="80 958 80 966 174 975 175 975 271 969 308 966 313 969 322 975 323 975 324 975 325 976 351 976 351 975 352 975 370 969 379 966 441 966 458 970 477 975 478 975 479 975 520 974 521 974 531 971 549 965 598 969 599 969 694 965 714 973 718 974 719 974 720 974 721 974 722 974 723 973 736 965 765 973 766 973 767 973 769 973 802 969 878 974 880 956 878 918 855 914 855 914 854 914 840 918 827 921 815 918 797 913 796 913 795 913 794 913 783 918 781 919 767 918 725 915 724 915 693 919 671 921 667 919 658 913 657 913 656 913 572 913 571 913 570 913 561 918 479 913 478 913 443 920 440 920 438 920 424 916 423 916 422 916 421 916 413 920 408 923 376 923 371 920 359 915 358 915 357 915 321 920 309 923 249 923 246 921 238 915 237 915 236 915 235 915 234 915 222 921 219 923 116 923 114 922 100 915 99 915 98 915 97 915 79 921 80 958"/></Shape>
	    <String CONTENT="Reſpondet igitur Apoſtolus conceſsione."
                    HPOS="79.0"
                    VPOS="913.0"
                    WIDTH="801.0"
                    HEIGHT="63.0"
                    WC="0.998884957570296"></String>
          </TextLine>
          <TextLine ID="line_18"
                    TAGREFS="LT8"
                    BASELINE="81 1010 456 1004 878 1008" 
                    HPOS="80.0"
                    VPOS="965.0"
                    WIDTH="798.0"
                    HEIGHT="60.0">
            <Shape><Polygon POINTS="81 1010 81 1017 99 1023 100 1023 101 1023 162 1018 167 1018 170 1018 200 1023 201 1023 228 1018 238 1017 246 1019 269 1024 270 1025 407 1025 407 1024 408 1024 421 1020 430 1017 474 1017 494 1020 514 1024 515 1024 516 1024 523 1021 531 1017 580 1017 589 1021 595 1024 596 1024 597 1024 598 1024 608 1021 617 1019 627 1021 636 1024 637 1024 638 1024 656 1022 684 1018 801 1022 802 1022 847 1016 875 1023 878 1008 877 968 734 965 733 965 712 969 699 970 689 969 672 965 671 965 670 965 660 969 656 970 653 969 646 966 645 966 499 966 498 966 460 970 448 971 445 970 436 966 435 966 397 966 396 966 395 966 378 970 375 971 372 970 355 966 354 966 353 966 352 966 340 971 338 971 329 971 260 966 259 966 258 966 247 970 103 968 102 968 80 972 81 1010"/></Shape>
	    <String CONTENT="Verum eſt, impietas in multis occulta latet,"
                    HPOS="80.0"
                    VPOS="965.0"
                    WIDTH="798.0"
                    HEIGHT="60.0"
                    WC="0.991152906959707"></String>
          </TextLine>
          <TextLine ID="line_19"
                    TAGREFS="LT8"
                    BASELINE="74 1057 879 1055" 
                    HPOS="73.0"
                    VPOS="1013.0"
                    WIDTH="806.0"
                    HEIGHT="60.0">
            <Shape><Polygon POINTS="74 1057 74 1067 128 1073 129 1073 130 1073 143 1068 222 1072 223 1072 258 1067 267 1066 279 1067 346 1073 347 1073 386 1066 390 1066 392 1066 414 1073 415 1073 416 1073 417 1073 435 1066 436 1066 440 1066 470 1070 471 1070 536 1066 552 1065 554 1066 569 1072 570 1072 570 1073 622 1073 622 1072 623 1072 624 1072 630 1066 641 1072 642 1072 643 1073 683 1073 683 1072 684 1072 708 1065 710 1065 712 1065 754 1072 755 1073 836 1073 836 1072 879 1064 879 1055 876 1020 834 1020 831 1020 809 1013 808 1013 663 1013 662 1013 617 1020 616 1020 615 1020 599 1014 598 1014 597 1014 596 1014 581 1018 569 1013 568 1013 484 1013 483 1013 434 1021 429 1021 426 1021 399 1015 398 1015 333 1021 328 1021 327 1021 319 1015 318 1015 317 1015 316 1015 276 1020 266 1015 265 1015 264 1015 263 1015 250 1021 249 1021 246 1021 200 1016 199 1016 199 1016 185 1021 184 1022 73 1022 74 1057"/></Shape>
	    <String CONTENT="attamen ſemper latere non poteſt: aut enim"
                    HPOS="73.0"
                    VPOS="1013.0"
                    WIDTH="806.0"
                    HEIGHT="60.0"
                    WC="0.98041484611375"></String>
          </TextLine>
          <TextLine ID="line_20"
                    TAGREFS="LT8"
                    BASELINE="77 1108 880 1106" 
                    HPOS="76.0"
                    VPOS="1064.0"
                    WIDTH="804.0"
                    HEIGHT="60.0">
            <Shape><Polygon POINTS="77 1108 77 1118 116 1118 119 1119 134 1124 135 1124 136 1124 158 1119 167 1117 248 1117 251 1119 258 1124 259 1124 260 1124 261 1124 314 1119 329 1118 342 1119 385 1124 386 1124 387 1124 399 1119 406 1117 457 1117 463 1119 474 1124 475 1124 476 1124 477 1124 478 1124 483 1119 486 1116 497 1119 508 1123 509 1123 510 1124 625 1124 625 1123 626 1123 636 1120 648 1116 656 1120 664 1123 665 1123 666 1123 667 1123 673 1120 679 1117 706 1120 736 1123 737 1124 772 1124 772 1123 773 1123 774 1123 778 1120 785 1116 796 1120 804 1123 805 1123 806 1123 855 1122 856 1122 857 1122 859 1120 865 1116 878 1120 880 1106 878 1071 825 1071 809 1064 808 1064 807 1064 744 1070 720 1064 719 1064 609 1064 608 1064 607 1064 584 1070 547 1064 546 1064 545 1064 532 1070 478 1064 477 1064 414 1071 174 1065 173 1065 172 1065 152 1072 76 1072 77 1108"/></Shape>
	    <String CONTENT="manifeſta ſunt peccata quæ κρίσιν et iam faci¬"
                    HPOS="76.0"
                    VPOS="1064.0"
                    WIDTH="804.0"
                    HEIGHT="60.0"
                    WC="0.9868298654860639"></String>
          </TextLine>
          <TextLine ID="line_21"
                    TAGREFS="LT8"
                    BASELINE="85 1156 330 1155 381 1149" 
                    HPOS="82"
                    VPOS="1110"
                    WIDTH="297"
                    HEIGHT="66">
            <Shape><Polygon POINTS="84 1154 84 1176 378 1168 379 1147 373 1118 268 1118 256 1114 244 1110 243 1110 242 1110 240 1110 239 1110 233 1114 226 1118 198 1112 184 1110 182 1110 181 1110 172 1111 144 1118 82 1110 84 1154"/></Shape>
	    <String CONTENT="lem efficiunt."
                    HPOS="82"
                    VPOS="1110"
                    WIDTH="297"
                    HEIGHT="66"></String>
          </TextLine>
        </TextBlock>
        <TextBlock HPOS="55"
                   VPOS="1172"
                   WIDTH="834"
                   HEIGHT="400"
                   ID="block_4"
                   TAGREFS="BT1851">
          <Shape><Polygon POINTS="889 1172 889 1568 55 1572 75 1172"/></Shape>
          <TextLine ID="line_23"
                    TAGREFS="LT8"
                    BASELINE="124 1207 879 1201" 
                    HPOS="123.0"
                    VPOS="1159.0"
                    WIDTH="756.0"
                    HEIGHT="64.0">
            <Shape><Polygon POINTS="124 1207 124 1222 160 1218 179 1222 189 1223 190 1223 199 1221 222 1216 230 1221 235 1223 236 1223 237 1223 271 1222 272 1222 278 1220 291 1215 355 1218 371 1219 372 1219 373 1219 374 1219 375 1218 380 1214 438 1214 445 1217 455 1221 456 1221 456 1221 480 1216 491 1214 498 1216 507 1219 508 1219 509 1219 510 1219 511 1219 515 1216 520 1213 550 1215 615 1220 616 1220 617 1220 639 1214 646 1212 652 1213 671 1219 672 1219 673 1220 752 1220 752 1219 879 1209 879 1201 877 1169 843 1169 842 1168 828 1162 827 1162 827 1162 826 1162 825 1162 815 1168 814 1169 720 1169 717 1168 694 1159 693 1159 692 1159 609 1160 608 1160 581 1168 576 1169 572 1168 553 1160 552 1160 504 1160 503 1160 461 1168 442 1171 394 1168 362 1166 361 1166 350 1168 335 1171 321 1168 302 1162 301 1162 300 1162 299 1162 279 1168 260 1172 240 1168 236 1167 235 1167 234 1167 233 1167 232 1167 231 1168 223 1174 198 1174 175 1168 159 1163 158 1163 157 1163 123 1167 124 1207"/></Shape>
	    <String CONTENT="Hæc peccata præcedunt iudicium &amp; in¬"
                    HPOS="123.0"
                    VPOS="1159.0"
                    WIDTH="756.0"
                    HEIGHT="64.0"
                    WC="0.9996344662374921"></String>
          </TextLine>
          <TextLine ID="line_24"
                    TAGREFS="LT8"
                    BASELINE="82 1254 878 1252" 
                    HPOS="81.0"
                    VPOS="1213.0"
                    WIDTH="797.0"
                    HEIGHT="57.0">
            <Shape><Polygon POINTS="82 1254 83 1270 97 1265 260 1269 341 1270 342 1270 342 1270 343 1270 345 1268 349 1264 360 1268 365 1269 366 1269 367 1269 368 1269 372 1267 383 1264 488 1266 611 1269 612 1269 877 1262 878 1252 876 1223 815 1215 814 1215 813 1215 812 1215 802 1222 762 1216 761 1216 720 1222 713 1216 712 1216 711 1216 710 1216 709 1216 693 1220 672 1213 671 1213 670 1213 669 1213 654 1221 624 1213 623 1213 622 1213 621 1213 620 1213 612 1219 583 1215 582 1215 581 1215 561 1222 541 1214 540 1214 539 1214 514 1219 484 1214 483 1214 447 1223 444 1223 440 1223 410 1214 409 1214 353 1214 352 1214 351 1214 350 1214 337 1223 333 1225 236 1225 230 1222 208 1215 207 1215 167 1215 166 1215 165 1215 151 1222 148 1224 142 1222 118 1215 117 1215 88 1215 87 1215 86 1215 85 1215 81 1218 82 1254"/></Shape>
	    <String CONTENT="formãt nos quid ſequendum ſit &amp; inter exa¬"
                    HPOS="81.0"
                    VPOS="1213.0"
                    WIDTH="797.0"
                    HEIGHT="57.0"
                    WC="0.9828006389529206"></String>
          </TextLine>
          <TextLine ID="line_25"
                    TAGREFS="LT8"
                    BASELINE="83 1304 881 1301" 
                    HPOS="82.0"
                    VPOS="1262.0"
                    WIDTH="799.0"
                    HEIGHT="60.0">
            <Shape><Polygon POINTS="83 1304 83 1314 197 1321 198 1322 271 1322 271 1321 272 1321 291 1315 300 1321 301 1321 302 1321 303 1322 332 1322 332 1321 333 1321 348 1313 350 1313 450 1313 452 1313 482 1320 483 1320 539 1313 548 1320 549 1320 550 1320 551 1321 596 1321 596 1320 597 1320 598 1320 607 1313 616 1319 617 1319 618 1319 619 1320 678 1320 678 1319 679 1319 699 1313 764 1319 765 1319 819 1312 846 1319 847 1319 848 1319 880 1311 881 1301 880 1272 852 1262 851 1262 850 1262 797 1267 772 1262 771 1262 770 1262 770 1262 758 1271 756 1271 684 1271 683 1270 666 1262 665 1262 664 1262 607 1263 606 1263 591 1269 587 1271 583 1269 571 1263 570 1263 513 1263 513 1263 512 1263 501 1268 494 1272 484 1268 470 1263 469 1263 452 1263 451 1263 450 1263 449 1263 443 1268 437 1273 393 1273 375 1267 360 1263 359 1263 358 1263 357 1263 356 1263 351 1267 344 1272 336 1268 335 1268 334 1268 333 1268 332 1268 324 1274 244 1274 234 1266 233 1266 232 1266 231 1266 228 1266 199 1269 191 1266 187 1264 186 1264 185 1264 184 1264 179 1265 159 1274 119 1274 82 1265 83 1304"/></Shape>
	    <String CONTENT="minandum notoria ſæpe fit ruditas, inhabi¬"
                    HPOS="82.0"
                    VPOS="1262.0"
                    WIDTH="799.0"
                    HEIGHT="60.0"
                    WC="0.9982601971853347"></String>
          </TextLine>
          <TextLine ID="line_26"
                    TAGREFS="LT8"
                    BASELINE="80 1352 877 1348" 
                    HPOS="79.0"
                    VPOS="1309.0"
                    WIDTH="798.0"
                    HEIGHT="62.0">
            <Shape><Polygon POINTS="80 1352 80 1367 135 1364 147 1367 166 1370 167 1370 168 1370 177 1367 182 1364 188 1367 197 1370 198 1370 199 1371 249 1371 249 1370 250 1370 268 1366 280 1363 292 1366 313 1369 314 1369 315 1369 329 1365 337 1363 400 1365 491 1367 492 1367 513 1364 524 1362 526 1363 533 1368 534 1368 535 1368 536 1368 590 1363 593 1363 595 1363 661 1368 662 1368 663 1368 684 1364 709 1368 710 1368 711 1368 712 1368 721 1362 721 1361 722 1362 731 1368 732 1368 733 1368 734 1368 758 1368 758 1368 799 1361 801 1361 803 1361 856 1368 857 1368 858 1368 877 1360 877 1348 875 1317 789 1309 788 1309 787 1309 786 1309 776 1316 773 1318 750 1318 737 1315 684 1309 683 1309 682 1309 681 1309 673 1315 668 1319 560 1319 535 1314 504 1310 503 1310 502 1310 501 1310 495 1314 491 1316 487 1314 480 1311 479 1311 382 1311 381 1311 380 1311 379 1311 375 1313 366 1320 328 1320 317 1313 316 1313 315 1313 314 1313 313 1313 291 1319 282 1312 280 1311 279 1311 278 1311 277 1311 266 1312 228 1320 194 1311 190 1311 189 1311 184 1311 140 1319 79 1311 80 1352"/></Shape>
	    <String CONTENT="litas, ſtupor &amp; inſcitia Scripturæ. Id totũ de¬"
                    HPOS="79.0"
                    VPOS="1309.0"
                    WIDTH="798.0"
                    HEIGHT="62.0"
                    WC="0.9927149377763271"></String>
          </TextLine>
          <TextLine ID="line_27"
                    TAGREFS="LT8"
                    BASELINE="71 1402 880 1398" 
                    HPOS="70.0"
                    VPOS="1361.0"
                    WIDTH="810.0"
                    HEIGHT="57.0">
            <Shape><Polygon POINTS="71 1402 72 1418 83 1413 229 1416 271 1417 272 1417 279 1416 298 1412 386 1415 434 1416 435 1416 879 1409 880 1398 878 1369 842 1361 841 1361 840 1361 814 1368 625 1362 624 1362 623 1362 622 1362 609 1369 475 1362 474 1362 426 1370 416 1365 415 1365 414 1365 413 1365 412 1365 399 1371 361 1371 340 1363 339 1363 338 1363 300 1369 274 1363 273 1363 272 1363 248 1364 247 1364 246 1364 234 1372 141 1372 92 1364 91 1364 90 1364 70 1371 71 1402"/></Shape>
	    <String CONTENT="ducit te ad certam criſin. In aliis latent, atta¬"
                    HPOS="70.0"
                    VPOS="1361.0"
                    WIDTH="810.0"
                    HEIGHT="57.0"
                    WC="0.9905866639954704"></String>
          </TextLine>
          <TextLine ID="line_28"
                    TAGREFS="LT8"
                    BASELINE="68 1452 877 1446" 
                    HPOS="67.0"
                    VPOS="1407.0"
                    WIDTH="810.0"
                    HEIGHT="62.0">
            <Shape><Polygon POINTS="68 1452 68 1461 196 1469 197 1469 198 1469 199 1469 211 1461 242 1461 250 1467 251 1467 252 1467 253 1467 305 1461 325 1468 326 1468 327 1468 328 1468 329 1468 341 1460 358 1467 359 1467 360 1467 473 1459 571 1466 572 1466 630 1461 678 1465 679 1465 711 1459 731 1464 732 1464 733 1464 764 1458 774 1463 775 1463 776 1463 805 1458 847 1463 848 1463 849 1463 877 1455 877 1446 875 1416 766 1407 765 1407 680 1417 676 1417 661 1408 660 1408 659 1408 622 1408 621 1408 620 1408 601 1418 600 1418 588 1409 587 1409 586 1409 564 1409 563 1409 562 1409 561 1409 547 1418 546 1419 484 1419 484 1418 447 1410 446 1410 445 1410 427 1419 426 1420 348 1420 348 1419 334 1410 333 1410 332 1410 331 1410 261 1415 228 1411 227 1411 226 1411 207 1420 183 1412 182 1412 181 1412 142 1421 141 1422 67 1422 68 1452"/></Shape>
	    <String CONTENT="men poſt criſin produntur, vt ſuperbia &amp; ar¬"
                    HPOS="67.0"
                    VPOS="1407.0"
                    WIDTH="810.0"
                    HEIGHT="62.0"
                    WC="0.994490386410193"></String>
          </TextLine>
          <TextLine ID="line_29"
                    TAGREFS="LT8"
                    BASELINE="70 1499 880 1496" 
                    HPOS="69.0"
                    VPOS="1457.0"
                    WIDTH="811.0"
                    HEIGHT="63.0">
            <Shape><Polygon POINTS="70 1499 70 1511 105 1511 118 1519 119 1519 120 1519 121 1520 144 1520 144 1519 145 1519 146 1519 157 1511 269 1519 270 1519 339 1510 361 1518 362 1518 363 1519 407 1519 407 1518 408 1518 434 1510 607 1518 608 1518 648 1510 666 1516 667 1516 668 1516 669 1516 683 1510 700 1517 701 1517 702 1517 703 1517 723 1510 779 1516 780 1516 781 1516 782 1516 791 1510 847 1515 848 1515 880 1508 880 1496 879 1466 861 1457 860 1457 836 1457 835 1457 834 1457 816 1466 814 1467 812 1466 787 1458 786 1458 785 1458 784 1458 768 1467 767 1468 744 1468 742 1467 729 1457 728 1457 727 1457 701 1457 700 1457 699 1457 679 1467 679 1468 608 1468 587 1468 542 1466 531 1458 530 1458 529 1458 528 1458 478 1466 467 1458 466 1458 465 1458 434 1458 433 1458 383 1468 340 1458 339 1458 287 1459 286 1459 260 1469 158 1460 157 1460 156 1460 138 1470 69 1470 70 1499"/></Shape>
	    <String CONTENT="rogãtia, quæ ſe prodit, ſi hypocrita fuerit ad¬"
                    HPOS="69.0"
                    VPOS="1457.0"
                    WIDTH="811.0"
                    HEIGHT="63.0"
                    WC="0.9900763841966788"></String>
          </TextLine>
          <TextLine ID="line_30"
                    TAGREFS="LT8"
                    BASELINE="71 1550 879 1545" 
                    HPOS="70.0"
                    VPOS="1509.0"
                    WIDTH="809.0"
                    HEIGHT="74.0">
            <Shape><Polygon POINTS="71 1550 71 1575 86 1572 100 1575 114 1579 114 1579 115 1579 116 1579 117 1579 122 1575 125 1573 129 1575 134 1578 135 1578 136 1578 137 1578 138 1578 142 1575 153 1568 208 1572 209 1572 232 1567 310 1567 327 1574 328 1574 329 1574 330 1574 354 1567 371 1575 384 1581 385 1581 386 1582 404 1582 404 1581 405 1581 406 1581 415 1575 427 1568 437 1575 448 1582 449 1582 450 1582 451 1583 554 1583 554 1582 555 1582 582 1575 586 1574 588 1575 600 1581 601 1581 602 1581 646 1576 672 1581 673 1581 674 1581 675 1581 683 1575 714 1581 715 1581 748 1578 749 1578 757 1575 776 1566 793 1575 796 1576 797 1576 798 1576 879 1574 879 1545 875 1512 861 1518 803 1512 755 1509 754 1509 753 1509 736 1513 714 1520 667 1520 658 1514 653 1510 652 1510 651 1510 650 1510 628 1514 616 1517 608 1514 602 1512 601 1512 600 1512 599 1512 596 1514 586 1520 558 1520 549 1515 542 1510 542 1510 541 1510 513 1510 512 1510 511 1510 498 1515 485 1520 463 1515 452 1513 451 1513 450 1513 442 1515 427 1520 405 1516 399 1515 399 1515 398 1515 395 1516 379 1521 368 1516 356 1511 355 1511 325 1511 324 1511 323 1511 322 1511 313 1516 308 1520 293 1517 285 1515 284 1515 283 1515 282 1515 280 1517 271 1522 209 1522 198 1517 185 1512 184 1512 183 1512 70 1518 71 1550"/></Shape>
	    <String CONTENT="miſſus, nã veſtis virum faciet, &amp; magiſtratus"
                    HPOS="70.0"
                    VPOS="1509.0"
                    WIDTH="809.0"
                    HEIGHT="74.0"
                    WC="0.9972626981527909"></String>
          </TextLine>
        </TextBlock>
      </PrintSpace>
    </Page>
  </Layout>
</alto>
