1083 1739
152 46 638 52 IN I. EPIST. AD TIMOTH.

75 97 797 58 neceſſario auxilio: tales honora, inquit. Ver¬

73 136 801 71 bum τιμᾶν accipio de victu etiam & amictu,

78.0 191.0 797.0 61.0 vt in Decalogo dicitur, Honora patrẽ tuum

77.0 238.0 798.0 60.0 & matrem, hoc eſt, proſpice illis de victu: ſic

75.0 288.0 799.0 60.0 honorandas hîc accipio viduas, hoc eſt, illis

76.0 340.0 799.0 60.0 proſpice etiam de victu vt alantur. Ad prius

75.0 391.0 797.0 60.0 tamen præceptum, de correptione moderã¬

82.0 442.0 792.0 52.0 da, poteſt etiam accommodari, HONORA

86.0 486.0 786.0 61.0 VIDVAS, hoc eſt, modeſtè quoque illas ad¬

75.0 536.0 799.0 57.0 mone ſui officii: ſunt enim & hæ peccato ob¬

75.0 590.0 799.0 54.0 noxiæ. Dum igitur peccant, miniſter iuuenis

80.0 636.0 792.0 60.0 orationem ad illas habiturus ſeruet decorum,

84.0 686.0 789.0 56.0 vt honorare videatur increpãdo, vt dixit de

82.0 735.0 792.0 64.0 adoleſcẽtibus mulieribus, quas obiurgare de¬

77.0 782.0 794.0 66.0 bet ſeruata caſtitate. Ex quo & illud ſequi¬

75.0 838.0 798.0 53.0 tur, miniſtrum iuuenem cum viduis iuuenilis

74.0 881.0 794.0 67.0 periculosè colludere familia eius: læditur e¬

67.0 931.0 804.0 67.0 nim caſtitas, ſi non facto, certè verbis & mo¬

67.0 997.0 667.0 50.0 ribus, quæ vno ſæpe verbo proditur.

115.0 1031.0 757.0 62.0 Sed placet prior ſenſus de curandis viduis

72.0 1082.0 804.0 61.0 ex publico, quod rectè dicitur honorare. Ac

71.0 1132.0 800.0 59.0 ſciant viduæ honorem virtutis præmium ſo¬

74.0 1178.0 798.0 62.0 lùm eſſe: ſi igitur honorari velint, virtutem

78.0 1229.0 794.0 58.0 Vt habeant curent, ne ſola ætate ſe venditẽt:

68.0 1277.0 803.0 63.0 quò facit Apoſtoli forma loquendi, quod ad¬

63.0 1329.0 808.0 61.0 dit, quæ verè ſunt, ὄντως χείρας, non obſcura

62.0 1374.0 808.0 63.0 eſt differentia inter viduas: aliæ verè ſunt,

64.0 1425.0 807.0 61.0 quòd dicuntur re & nomine viduæ: aliæ ſolo

64.0 1475.0 806.0 73.0 nomine. Apoſtolus igitur præceptum de ho¬

830 42 51 65 121
