1082 1774
222.0 68.0 53.0 45.0 96

397 61 442 52 COMMENTARII

224 118 791 56 habet, hoc θέσιν. Fugiendum eſt in diſciplina

216.0 162.0 799.0 60.0 morali μυθικὸν fabuloſum, hoc eſt, quod ſpe¬

218.0 214.0 798.0 58.0 ciem habet antiquitatis, ſed cum vero Dei

215.0 261.0 797.0 61.0 cultu non congruit: ideóque duo huic diſci¬

217.0 310.0 792.0 61.0 plinæ addit epitheta. Primum quòd ſit βέβη¬

214.0 358.0 786.0 62.0 λον: deinde quòd γραώδες. Βέβηλον dicitur im¬

216.0 409.0 784.0 61.0 purum, nam Βήλον dicitur purum, qualis eſt

216.0 457.0 790.0 64.0 puritas in cælo ſereno, in aſtris, hinc Béβηλον

214.0 508.0 795.0 59.0 impurum : nam βε ſyllaba ſignificationem

212.0 558.0 797.0 59.0 dictionis mutat: ideóque rectè intelligimus,

216.0 610.0 798.0 57.0 pollutum, cœnoſum, impurum, quod cælo&

213.0 655.0 797.0 59.0 aſtris minimè dignum eſt. Γραώδες vero di¬

210.0 703.0 797.0 63.0 citur, quòd ſpeciem habet ſapientiæ & anti¬

211.0 754.0 795.0 63.0 quitatis, ſed recedit à vera ſapientia diuina,

213.0 806.0 541.0 59.0 quæ docet verum Dei cultum.

217 853 782 59 Itaque damnantur hîc duo pietatis veræ

207 904 792 57 extrema: defectus eſt Bεβηλοτὴς, contaminans

205 954 796 59 pietatis exercitia profana vita. Exceſſus autẽ

206 1000 793 63 eſt γραώδες, hoc eſt, ſuperſtitio, quæ aliàs di¬

204 1053 799 56 citurδυσιδαιμονία. Exẽplo res declarari poteſt:

206 1098 796 57 tres ſimul vigilant diuerſiſsimo fine & euen¬

206 1147 795 60 tu. Apoſtolus Paulus aut Petrus vigilat per¬

202 1194 799 57 nox vt oret pro Eccleſiis Chriſti, aliis proſit, &

201 1245 798 57 munus ſibi impoſitum meliùs obeat, docet

200 1293 793 63 Euangelium, & orat. Vigilat ſimul ſuperſti¬

199 1344 788 64 tioſus monachus aut Phariſæus, qui vigiliis

198 1396 787 57 ſuis, opus ſupererogationis fabricatur, meri¬

198 1444 791 63 torium apud Deum pro ſua ſalute. His adde¬

198 1493 785 91 tur tertius profanus compotator qui pernox¬

925 1545 67 60 eſt
