1076 1744
79.0 91.0 800.0 60.0 erunt incorrupti iudicii Chriſti, quemadmo.

83.0 139.0 797.0 59.0 dum ſpectatores fuerunt noſtris iudiciis de

83.0 191.0 794.0 60.0 fratribus peccantibus. Hæc argumenta pon¬

83.0 239.0 793.0 62.0 dus addunt propoſitioni quam vno verbo

88 287 509 55 refricat, VT HAEC SERVES.

154 37 631 57 IN I. EPIST. AD TIMOTH.

84 333 793 65 Ταῦτα primùm refero ad iudicia Eccleſia¬

78.0 385.0 801.0 59.0 ſtica, vt ſit ſenſus, In his volo te quàm ſan¬

81.0 436.0 796.0 59.0 ctiſsimè verſari, nec ſolùm te, ſed vt alii i¬

80 485 795 58 dem faciant illis debes eſſe author & impul¬

75.0 533.0 802.0 61.0 ſor. Deinde ταῦτα poteſt quoque referri ad

74.0 591.0 802.0 52.0 omnia præcepta hactenus tradita: ſed prior

75.0 637.0 801.0 56.0 ſentent ia mihi magis arridet propter ſequẽ¬

80.0 684.0 793.0 60.0 da,  κωρὶς προκρίματος, nihil faciens κατά πρόκλη¬

81.0 736.0 792.0 56.0 σιν: duo enim hæc commata pertinent ad iu¬

79.0 783.0 795.0 57.0 diciorum formam. Πρόκριμα dicitur, quod

76.0 831.0 799.0 58.0 iudex ſumit ſibi non ex actis & prolatis, ſed

75.0 879.0 795.0 59.0 domo ſecum affert aliunde ad ipſam cau¬

71.0 928.0 800.0 61.0 ſam: tale præiudicium mirificè impedit ve¬

69.0 978.0 803.0 57.0 ritatis cognitionem, hinc enim mox naſcitur

74.0 1031.0 797.0 58.0 πρόκλησις, hoc eſt, inclinatio in vnam partem,

74.0 1081.0 799.0 56.0 cauſa etiam nondum cognita quum iudicia

74.0 1126.0 798.0 60.0 ante cognitionem debeant eſſe ἄκλιτα, hoc

78.0 1176.0 792.0 60.0 eſt, inuiolata & minimè flexa: poſt cognitio¬

77.0 1224.0 793.0 56.0 nem verò ἔγκλιτα, hoc eſt, ad veritatis fauo¬

74.0 1276.0 795.0 59.0 rem accommodata: vitia igitur iudiciorum

72.0 1324.0 796.0 64.0 ſunt ωρόκλησις, & πρόκριμα quæ peccant anti¬

67.0 1373.0 797.0 64.0 cipatione. Quare ταῦτα ad priorem ſenten¬

67.0 1423.0 248.0 58.0 tiam refero.

836 46 37 51 137

134 1473 639 69 22 Manus ne cui citò imponas, &c.
