1068 1751
121.0 59.0 657.0 54.0 IN I. EPIST. AD TIMOTH.

826.0 62.0 35.0 59.0 33

47.0 110.0 809.0 56.0 laus, à laude incipit. FIDVS SERMO, πιστὸς λό¬

53.0 154.0 800.0 63.0 γος , hoc eſt, doctrina fide digna, vel ἀξιόπιστος,

55.0 206.0 797.0 60.0 digna cui credatur: ideo πιστὸν interpretatur

54.0 257.0 796.0 58.0 per poſterius cõma, omni receptione dignus,

51.0 304.0 802.0 61.0 hoc eſt, præſtantiſsima hæc eſt doctrina, &

52.0 354.0 803.0 61.0 aurea ſententia, digna quæ ſcribatur aureis

53.0 402.0 802.0 62.0 literis, ac publicè decantetur: nulla enim lin¬

66.0 454.0 786.0 55.0 qua, nullus ſermo, nulla eloquentia pro meri¬

72.0 503.0 780.0 59.0 us hanc efferre poteſt. Summa, omni humana

75.0 552.0 513.0 58.0 commendatione ſuperior eſt.

107.0 600.0 739.0 62.0 Sequitur laudem ipſa ſententia. IESVS

79.0 652.0 770.0 56.0 CHRISTVS VENIT IN HVNC MVN¬

80.0 700.0 768.0 56.0 DVM PECCATORES SALVOS FA¬

76.0 746.0 772.0 60.0 CERE. Hæc vera eſt doctrina de remiſsio¬

69.0 798.0 779.0 59.0 ne peccatorũ corã Deo, ac alterũ caput ſanæ

66.0 845.0 782.0 61.0 doctrinæ, ſcilicet de remedio peccati. Legis

68.0 895.0 782.0 60.0 doctores ſolum peccatum monſtrabant, nihil

73.0 943.0 775.0 62.0 de Chriſti merito, in quo verum latet reme¬

76.0 991.0 771.0 64.0 dium: ideo huc trahit etiã Legis verũ vſum,

79.0 1071.0 590.0 34.0 veramque eius interpretationem.

119.0 1091.0 728.0 61.0 Loquitur de Chriſti aduentu in carnem,

107.0 1143.0 740.0 57.0 quem commendat à fructu & vſu, ſeu fine, qui

73.0 1191.0 777.0 61.0 eſt ſaluos facere peccatores. Ἁμαρτωλοὶ di¬

72.0 1242.0 777.0 59.0 cuntur notorii peccatores, quales Publicani

67.0 1290.0 784.0 61.0 erant apud Iudæos, fornicaria illa mulier, &

60.0 1340.0 791.0 60.0 ſimiles qui peccatum ſuum negare nõ pote¬

59.0 1390.0 792.0 56.0 rant : tales etiam ſoli apud Chriſtum reme¬

63.0 1435.0 790.0 62.0 dium receperunt, hoc eſt, qui ſuam iniuſtitiã

63.0 1486.0 786.0 71.0 fatentur. Reliqui quanuis & ipſi peccatores

622.0 1533.0 42.0 86.0 C
