1097 1776
219.0 92.0 56.0 40.0 62

403 84 455 54 COMMENTARII

212 143 796 57 ciendo, quia attendunt quid ſinguli doceant,

211 187 795 60 & agant, & viuant in Eccleſia ſinguli ordines.

213.0 237.0 792.0 60.0 Rectè igitur dicitur nomen laboris ac diligẽ¬

211.0 289.0 791.0 56.0 tiæ. Sumptum eſt vocabulum à Græco lo¬

208.0 334.0 791.0 61.0 quendi vſu, nam Attici vocabant Epiſcopos,

207.0 385.0 786.0 61.0 magiſtratum, reficiendis publicis ædificiis

209.0 437.0 786.0 61.0 præfectum, legatos quoque in prouincias

205.0 486.0 794.0 58.0 miſſos, quales Lacones vocabant ἁρμοςτὰς, &

202.0 533.0 798.0 60.0 in certaminibus publicis iudices quidam di¬

202.0 582.0 797.0 60.0 cebantur Epiſcopi. In Eccleſia Chriſti mi¬

201.0 630.0 798.0 62.0 niſtri ſic appellati ſunt à vigilantia & cura.

202.0 680.0 794.0 60.0 Poſtea vox coacta eſt ad meram dignitatem

198.0 730.0 798.0 62.0 & pompam neglecta cura docendi. Videant

197.0 781.0 792.0 61.0 igitur ne ſint κατασκοποὶ potius & ὑποσκοποὶ,

198.0 829.0 299.0 63.0 quàm Epiſcopi.

240.0 878.0 746.0 61.0 Hoc munus appetere licet: ὀρέγεσθαι dici¬

193.0 928.0 790.0 63.0 tur, quemadmodum cibum & potum affe¬

191.0 979.0 790.0 59.0 ctamus natura & neceſsitate compulſi: ſic de¬

188.0 1029.0 795.0 58.0 ferre operam ſuam licet, afferenti medio¬

187.0 1077.0 795.0 57.0 cris induſtriæ conſcientiam cùm videt Ec¬

185.0 1124.0 797.0 61.0 cleſiam opera boni paſtoris indigere ſic li¬

184.0 1170.0 798.0 68.0 cet operam ſuam offerre ad alios honeſtos

180.0 1222.0 799.0 67.0 labores : ſic interpretor verbum etiam omi¬

186 1265 120 67 θυμεῖν.

223.0 1318.0 748.0 67.0 Dicitur autem καλὸν ἔργον, BONVM O¬

180.0 1370.0 785.0 65.0 PVS, hoc eſt, ex ordine τῶν καλῶν, quia à Deo

172.0 1418.0 792.0 66.0 eſt inſtitutum. Deinde καλὸν, quia Eccleſiæ

171.0 1469.0 793.0 67.0 ſummopere eſt vtile & neceſſariũ: καλὸν igi¬

173 1514 781 84 tur eſt etiã, quia χρήσιμον, & deniq. quia arduũ

908.0 1592.0 55.0 63.0 ac
