1094 1750
182 51 615 49 IN I. EPIST. AD TIMOTH.

850 40 55 70 105

172.0 1483.0 690.0 74.0 Nemo tuam iuuentutem deſpiciat, &c.

104.0 105.0 793.0 56.0 illuſtria dona: ſic Daniel puer inter Prophe¬

105.0 150.0 790.0 60.0 tas habitus eſt, & Samuel. Dauid, iuuenis e¬

107.0 200.0 791.0 60.0 gregia dedit ſpecimina futuri regis. Solomon

104.0 249.0 793.0 60.0 iuuenis illuſtre tulit iudiciũ inter mulieres cõ

101.0 296.0 793.0 60.0 tendentes de infante. Hæc & ſimilia ad lau¬

99.0 348.0 796.0 59.0 dem iuuenilis ætatis proferri poſſunt. Por¬

101.0 398.0 798.0 58.0 rò quia hæc ætas enormia habet vitia, ideo

105.0 447.0 790.0 58.0 non ſimpliciter ætatem excuſat, ſed in per¬

105.0 495.0 791.0 60.0 ſona idonea, qualis erat Timothei, alio¬

103.0 547.0 795.0 57.0 quin exempla ſatis teſtantur quantum iu¬

104.0 593.0 793.0 62.0 uenes oratores Rebuſpub.aliquando obfue¬

103.0 644.0 794.0 58.0 rint: conqueritur Cicero alicubi inter alias

105.0 691.0 793.0 61.0 cauſas diſsipatæ Reipubl. Romæ illam fuiſ¬

105.0 742.0 792.0 59.0 ſe, quòd ſurrexerint oratores noui, homines

101.0 791.0 793.0 62.0 adoleſcentuli. Et in religione idem ſæpe

109 838 152 57 accidit.

149.0 887.0 746.0 60.0 Verùm ad rem. Apoſtolus docet hîc qui¬

94.0 940.0 803.0 58.0 bus actibus docere poſsit etiam iuuenis cum

93.0 991.0 804.0 59.0 authoritate & grauitate. Quatuor autẽ ſunt

94.0 1040.0 801.0 58.0 loci partes. Prima habet materiam cõtẽptus

95.0 1087.0 798.0 63.0 ſcil. ætatem: altera recitat ἀντιδοτα, hoc eſt,

103.0 1138.0 791.0 60.0 virtutes quæ contemptum hunc tollere po¬

101.0 1187.0 795.0 61.0 terunt. Tertia, rem concludit. Quarta ad¬

105.0 1234.0 784.0 61.0 dit duo illuſtria argumenta à gemino fru

106.0 1285.0 787.0 61.0 ctu, habent illa vim excitandi ad diligen¬

104.0 1346.0 119.0 47.0 tiam.

134.0 1381.0 759.0 60.0 Propoſitio ſit, Aetas ſi cæteræ adſint dotes,

101.0 1438.0 789.0 54.0 in miniſtro non vſque adeo reſpicienda eſt.
