1073 1763
157.0 69.0 642.0 70.0 IN I. EPIST. AD TIMOTH.

846.0 104.0 28.0 42.0 37

72.0 126.0 809.0 66.0 eſt Dei miſericordia: organica eſt Chriſti ſa¬

72.0 163.0 808.0 79.0 tisfactio: formalis à parte peccatoris peccaſſe

77.0 216.0 802.0 78.0 per ignorantiam in ignorantia, verſ.13. finalis

73.0 268.0 804.0 74.0 autem, extare exempla apud poſteritatẽ ve¬

70.0 313.0 623.0 76.0 ræ doctrinæ in lac quæſtione, &c.

121.0 370.0 582.0 75.0 17 Regi autem ſeculorum, &c.

172.0 426.0 696.0 73.0 Quartum membrum, quo loco ſupe¬

85.0 469.0 786.0 80.0 riorem concludit, de gratuita remiſsione

89.0 521.0 780.0 74.0 peccatorum per Chriſti meritum. Habet au¬

88.0 569.0 779.0 78.0 temlocus hic illuſtrem δοξολόγιαν, in quam

92.0 624.0 773.0 70.0 erumpit ἐκφωνήσει: nam animus conſidera¬

86.0 667.0 778.0 78.0 tione tanti beneficii ſuperatur, vt non habeat

94.0 715.0 761.0 81.0 quod addat. Cùm igitur verbis deſtituitur,

81.0 772.0 775.0 69.0 rerum autem pondere premitur exclamat,

82.0 811.0 775.0 81.0 Obſeruãda hîc ſunt Dei epitheta, ſeu potiùs

76.0 868.0 780.0 71.0 Domini Chriſti, ad quem malo hæc referre.

77.0 911.0 779.0 77.0 Nam de filio dixit hactenus, cui tribuit facul¬

82.0 966.0 775.0 71.0 tatem remittendi peccata, ſummam miſeri¬

83.0 1010.0 766.0 81.0 cordiam, longanimitatem, & ſanctorum in

90.0 1062.0 762.0 76.0 pſum ſpem. Ideo de filio etiam hanc excla¬

85.0 1115.0 764.0 75.0 mationem accipio. Rex dicitur quia ſui po¬

83.0 1160.0 766.0 77.0 puli fundamentum eſt & verè baſis, Βάσις τοῦ

74.0 1211.0 774.0 75.0 λαοῦ ἀιτοῦ. Seculorum autẽ rex eſt, hoc eſt, om¬

69.0 1263.0 777.0 71.0 nium ætatum: & αἰώνων ante conditum mun¬

65.0 1306.0 780.0 77.0 dum, quaſi dicat, æterno. Ἀόρατος dicitur, non

56.0 1358.0 788.0 74.0 ſolùm reſpectu diuinæ naturæ, qua Deũ ne¬

59.0 1408.0 784.0 73.0 mo vidit vnquam, ſed etiam nunc reſpectu

62.0 1455.0 781.0 77.0 humanæ, quia ex humanis ſubduxit ſe, reſidẽs

70.0 1505.0 768.0 85.0 ad dextram Dei in cæleſtibus, vnde aliquan¬

539.0 1566.0 34.0 85.0 C

598.0 1572.0 35.0 82.0 3
