1015 1759
369 61 461 54 COMMENTARII

211 80 39 43 150

248 116 728 63 Altera eſt nota, iidẽ etiam ſuperbi & ar¬

201.0 162.0 767.0 65.0 rogantes ſunt, τύφωσις & τύφος dicitur  μετα¬

203.0 212.0 771.0 65.0 βατικῶς, inflatio, arrogantia, faſtus, ſumpta

201.0 263.0 769.0 65.0 metaphora à typhonico vento, quem vete¬

202.0 310.0 766.0 66.0 res crediderunt hominibus mentem ac ra¬

203.0 359.0 760.0 65.0 tionem adimere: hinc δεινὸς καὶ ὑβριςτὴς ἄνεμος

205.0 407.0 756.0 68.0 dictus fuit, quia hoc vento correpti inſanire

206.0 456.0 760.0 63.0 ac delirare credebantur. Et eſt reuera ar¬

206 506 768 68 rogantia, delirium intolerabile piis: mag

205.0 555.0 767.0 67.0 nificè enim de ſe ſentiunt, & plus quàm

206.0 603.0 767.0 68.0 oportet ſibi tribuunt, aliis facilè detrahunt,

209.0 651.0 765.0 73.0 præſertim in his qui de ipſis non magnihct

205 699 764 64 videntur ſentire. Hic morbus hodie ni¬

205 747 765 70 mium frequens eſt, non ſolùm inter ſchiſ¬

204 796 766 74 maticos, ſed eos etiam qui longè abeſſe vide¬

215 854 393 62 ri volunt à ſchiſmate.

256.0 898.0 709.0 68.0 Tertia nota eſt, NIHIL SCIENS: i¬

209.0 951.0 762.0 66.0 gnorantia igitur ſchiſmaticos etiam comi¬

207.0 1000.0 767.0 66.0 tatur, non eſt illa docta & pia ignorantia,

207.0 1047.0 768.0 65.0 quam Auguſtinus etiam fateri non erubuit:

206.0 1093.0 764.0 67.0 ſed veritatis inſcitia turpis, quæ ſibi plu¬

205.0 1143.0 767.0 62.0 rimum ſapere videtur: ideo effrons & im¬

208.0 1193.0 765.0 64.0 pudens eſt, temere enim iudicat & pronun¬

206.0 1240.0 769.0 65.0 ciat: ideo dici ſolet, Inſcitia nihil eſſe impu¬

206.0 1293.0 761.0 59.0 dentius. Ἐπιςτήμη rerum eſt verarum, quæ

205.0 1342.0 756.0 62.0 cum Dei iudicio congruunt: ſic in fide quæ

206.0 1390.0 757.0 67.0 analoga ſunt religioni Chriſtianæ, & ſanæ

206.0 1444.0 716.0 59.0 doctrinæ reſpondent, ſunt ἑπιστημονικά.

207.0 1486.0 765.0 85.0 Schiſmatici igitur quum ab analogia fidei

858.0 1536.0 115.0 64.0 errent,
