1059 1743
184.0 97.0 23.0 38.0 38

329.0 75.0 458.0 47.0 COMMENTARII

176.0 110.0 816.0 70.0 do viſibilem expectamus. Ἄφθαpτος autem v¬

175.0 161.0 808.0 65.0 triuſque naturæ reſpectu quatenus erat Deus

176.0 209.0 813.0 67.0 ſemper fuit & eſt ἄρθαρτος: ſed quatenus ho¬

177.0 260.0 809.0 68.0 mo natus fuit & deputatus ad ſacrificium re¬

180.0 311.0 803.0 62.0 demptionis noſtræ, mortalis fuit homo, veré¬

181.0 359.0 797.0 65.0 que mortuus, quo reſpectu corruptioni poteſt

182.0 414.0 801.0 61.0 dici obnoxius: corruptione pro morte acce¬

187.0 458.0 801.0 64.0 pta, vſu verò & duratione ſatisfactionis verè

183.0 510.0 808.0 65.0 eſt ἄφθαρτος. Nunc quoque in gloria, Chri¬

185.0 560.0 807.0 63.0 ſtus homo verè eſt, eritque ſemper ἄφθαρτος,

186.0 609.0 806.0 68.0 quales nos poſt reſurrectionem corporũ quo¬

186.0 663.0 803.0 52.0 que erimus. SOLI SAPIEN TI DEO.

188.0 705.0 807.0 61.0 Deus verè eſt & dicitur Chriſtus: ſolus autem

188.0 758.0 805.0 65.0 ſapiens, quia Deus, cuius reſpectu omnium$

187.0 804.0 801.0 63.0 hominum ſapiẽtia nihil eſt, mera ſtultitia eſt.

190.0 855.0 794.0 64.0 Eandem phraſim vide ad Rom.16.ver.27.

193.0 905.0 794.0 65.0 Baſilius epiſtola 141. interpretatur μόνον per

193.0 949.0 797.0 76.0 ἕνα, ac μόνος & εἷς  de natura diuina dici affir¬

191.0 1009.0 799.0 66.0 mat, vt euertat Arrianorum interpretatio

191.0 1077.0 113.0 30.0 nem.

251.0 1105.0 453.0 64.0 18 Hoc mandatum, &c.

305.0 1157.0 688.0 61.0 Quintum membrum, quo tandem re

194.0 1202.0 802.0 66.0 dit ad principalem ſcopum orationis, qui eſt,

199.0 1257.0 797.0 58.0 Timotheo commendare curam ſanæ doctri¬

193.0 1306.0 799.0 62.0 næ. Itaque repetatur hîc propoſitio, de qua

192.0 1355.0 797.0 60.0 ſup.ver.3. Timotheus quàm vigilantiſsimus

194.0 1402.0 799.0 64.0 debet eſſe cuſtos ſanæ doctrinæ. Mandatum

194.0 1456.0 799.0 60.0 accipiatur de Apoſtoli hoc præcepto, man¬

197.0 1502.0 797.0 68.0 dantis ei conſeruationem ſanæ doctrinæ

867.0 1562.0 126.0 60.0 contra
