1074 1741
212.0 69.0 39.0 50.0 46

419 65 386 50 COMMENTARII

203 120 795 57 omnes execrantur in ſuis precibus : idem fa¬

204.0 168.0 797.0 60.0 ciunt Turcæ, ſoli Chriſtiani pro infidelibus

203.0 223.0 796.0 55.0 orant. Itaque pietatis noſtræ, adeóque veræ

207.0 269.0 787.0 56.0 proprium eſt pro omnibus hominibus orare,

205.0 319.0 786.0 56.0 quod accipio non ſolùm de ſpecie in genere,

204.0 364.0 783.0 59.0 ſed de perſonis, hoc eſt, nullum eſſe debere

203.0 414.0 786.0 59.0 mihi tam abominabilem hoſtem pro cuius

204.0 465.0 607.0 61.0 ſalute non debeam Deum rogare.

262.0 528.0 733.0 68.0 2 Pro regibus & omnibus in eminen¬

204.0 592.0 788.0 60.0 tia conſtitutis: vt placidam ac quietam vi¬

206.0 654.0 660.0 60.0 tam degamus cum omni pietate, &c.

258.0 708.0 736.0 61.0 Totum poſuit, id iam deducit ad eam ſpe¬

203.0 761.0 792.0 58.0 ciem quæ poterat eſſe cõtrouerſa. Orare pro

203.0 809.0 790.0 59.0 domeſticis fidei non iubet, quia ſine moni¬

203.0 857.0 788.0 58.0 tore hoc faciendum eſſe nouerant: verùm

206.0 905.0 785.0 64.0 pro impio Cæſare, pro infidelibus magiſtra¬

203.0 956.0 791.0 53.0 tibus orandum eſſe non ſatis illis notum fuiſ¬

202.0 1006.0 791.0 63.0 ſe apparet, de hoc igitur admonet. Reges ac¬

204.0 1055.0 792.0 59.0 cipio hîc imprimis imperii Romani admi¬

202.0 1103.0 795.0 60.0 niſtratorem Cæſarem, deinde ei ſubiectos

202.0 1155.0 796.0 58.0 monarchas, & ſi qui erant extra imperii fi¬

203.0 1205.0 795.0 57.0 nes noti & ignoti monarchæ. In eminentia

205.0 1252.0 792.0 59.0 vere conſtituti ſunt Procõſules prouincia¬

202.0 1301.0 793.0 57.0 rum, Prætores, ſingularum etiam vrbium

206.0 1353.0 784.0 59.0 proprii magiſtratus & officiarii: qui omnes

206.0 1401.0 783.0 56.0 precibus ſunt Domino commendandi. Pri¬

202.0 1448.0 791.0 57.0 mùm hîc aſtruitur magiſtratus, vt cuius non

209.0 1497.0 784.0 68.0 poſſit non diuina eſſe ordinatio, cùm pro his

883.0 1545.0 110.0 72.0 Deus
