<?xml version="1.0" encoding="UTF-8"?>
<alto xmlns:xsi="http://www.w3.org/2001/XMLSchema-instance"
      xmlns="http://www.loc.gov/standards/alto/ns-v4#"
      xsi:schemaLocation="http://www.loc.gov/standards/alto/ns-v4# http://www.loc.gov/standards/alto/v4/alto-4-2.xsd">
  <Description>
    <MeasurementUnit>pixel</MeasurementUnit>
    <sourceImageInformation>
      <fileName>bsb10313792_00097.jpg</fileName>
    </sourceImageInformation>
  </Description>
  <Tags>
    <OtherTag ID="BT7" LABEL="CustomZone" DESCRIPTION="block type CustomZone"/><OtherTag ID="BT8" LABEL="DamageZone" DESCRIPTION="block type DamageZone"/><OtherTag ID="BT9" LABEL="DigitizationArtefactZone" DESCRIPTION="block type DigitizationArtefactZone"/><OtherTag ID="BT10" LABEL="DropCapitalZone" DESCRIPTION="block type DropCapitalZone"/><OtherTag ID="BT11" LABEL="GraphicZone" DESCRIPTION="block type GraphicZone"/><OtherTag ID="BT12" LABEL="MainZone" DESCRIPTION="block type MainZone"/><OtherTag ID="BT13" LABEL="MarginTextZone" DESCRIPTION="block type MarginTextZone"/><OtherTag ID="BT14" LABEL="MusicZone" DESCRIPTION="block type MusicZone"/><OtherTag ID="BT15" LABEL="NumberingZone" DESCRIPTION="block type NumberingZone"/><OtherTag ID="BT17" LABEL="QuireMarksZone" DESCRIPTION="block type QuireMarksZone"/><OtherTag ID="BT18" LABEL="RunningTitleZone" DESCRIPTION="block type RunningTitleZone"/><OtherTag ID="BT19" LABEL="SealZone" DESCRIPTION="block type SealZone"/><OtherTag ID="BT20" LABEL="StampZone" DESCRIPTION="block type StampZone"/><OtherTag ID="BT21" LABEL="TableZone" DESCRIPTION="block type TableZone"/><OtherTag ID="BT22" LABEL="TitlePageZone" DESCRIPTION="block type TitlePageZone"/><OtherTag ID="BT1851" LABEL="MainZone-P" DESCRIPTION="block type MainZone-P"/><OtherTag ID="BT1852" LABEL="MainZone-Head" DESCRIPTION="block type MainZone-Head"/><OtherTag ID="BT1853" LABEL="MainZone-P-Continued" DESCRIPTION="block type MainZone-P-Continued"/><OtherTag ID="BT1854" LABEL="MarginTextZone-ManuscriptAddendum" DESCRIPTION="block type MarginTextZone-ManuscriptAddendum"/><OtherTag ID="BT1855" LABEL="text" DESCRIPTION="block type text"/><OtherTag ID="BT1856" LABEL="MainZone-Entry" DESCRIPTION="block type MainZone-Entry"/><OtherTag ID="BT1857" LABEL="MainZone-Entry-Continued" DESCRIPTION="block type MainZone-Entry-Continued"/><OtherTag ID="BT1877" LABEL="GraphicZone-Decoration" DESCRIPTION="block type GraphicZone-Decoration"/><OtherTag ID="BT1894" LABEL="MainZone-Other" DESCRIPTION="block type MainZone-Other"/>
    <OtherTag ID="LT7" LABEL="CustomLine" DESCRIPTION="line type CustomLine"/><OtherTag ID="LT8" LABEL="DefaultLine" DESCRIPTION="line type DefaultLine"/><OtherTag ID="LT9" LABEL="DropCapitalLine" DESCRIPTION="line type DropCapitalLine"/><OtherTag ID="LT10" LABEL="HeadingLine" DESCRIPTION="line type HeadingLine"/><OtherTag ID="LT11" LABEL="InterlinearLine" DESCRIPTION="line type InterlinearLine"/><OtherTag ID="LT12" LABEL="MusicLine" DESCRIPTION="line type MusicLine"/><OtherTag ID="LT636" LABEL="default" DESCRIPTION="line type default"/>
  </Tags>
  <Layout>
    <Page WIDTH="1082"
          HEIGHT="1750"
          PHYSICAL_IMG_NR="81"
          ID="eSc_dummypage_">
      <PrintSpace HPOS="0"
                  VPOS="0"
                  WIDTH="1082"
                  HEIGHT="1750">
        <TextBlock HPOS="173"
                   VPOS="66"
                   WIDTH="630"
                   HEIGHT="43"
                   ID="block_0"
                   TAGREFS="BT18">
          <Shape><Polygon POINTS="803 66 803 109 173 109 173 66"/></Shape>
          <TextLine ID="line_0"
                    TAGREFS="LT10"
                    BASELINE="177 99 800 97" 
                    HPOS="175"
                    VPOS="67"
                    WIDTH="623"
                    HEIGHT="46">
            <Shape><Polygon POINTS="773 67 759 67 744 67 730 67 715 67 700 67 686 67 671 67 657 67 642 67 627 67 613 67 598 67 584 67 569 67 554 67 540 67 525 67 511 67 496 67 481 67 467 67 452 67 438 67 423 67 408 67 394 67 379 67 365 67 350 67 335 67 321 67 306 67 292 67 277 67 262 67 248 67 233 67 219 67 204 67 189 67 175 67 176 97 176 113 797 113 798 96 795 67 788 67"/></Shape>
	    <String CONTENT="IN I. EPIST. AD TIMOTH."
                    HPOS="175"
                    VPOS="67"
                    WIDTH="623"
                    HEIGHT="46"
                    WC="0.9993728995323181"></String>
          </TextLine>
        </TextBlock>
        <TextBlock HPOS="847"
                   VPOS="71"
                   WIDTH="58"
                   HEIGHT="43"
                   ID="eSc_textblock_cb149715"
                   TAGREFS="BT15">
          <Shape><Polygon POINTS="847 71 847 114 905 114 905 71"/></Shape>
          <TextLine ID="eSc_line_fd1576fb"
                    TAGREFS="LT8"
                    BASELINE="856 108 895 108" 
                    HPOS="855"
                    VPOS="58"
                    WIDTH="38"
                    HEIGHT="55">
            <Shape><Polygon POINTS="855 107 855 112 892 113 893 107 892 58 855 59 855 107"/></Shape>
	    <String CONTENT="89"
                    HPOS="855"
                    VPOS="58"
                    WIDTH="38"
                    HEIGHT="55"
                    WC="0.9999898076057434"></String>
          </TextLine>
        </TextBlock>
        <TextBlock HPOS="63"
                   VPOS="120"
                   WIDTH="842"
                   HEIGHT="938"
                   ID="block_5"
                   TAGREFS="BT1851">
          <Shape><Polygon POINTS="905 120 905 1054 63 1058 86 120"/></Shape>
          <TextLine ID="line_1"
                    TAGREFS="LT8"
                    BASELINE="124 152 401 148 893 151" 
                    HPOS="121"
                    VPOS="121"
                    WIDTH="771"
                    HEIGHT="51">
            <Shape><Polygon POINTS="880 121 122 121 121 172 311 172 328 163 381 170 426 163 486 170 503 170 527 163 889 167 892 150 890 121 880 121"/></Shape>
	    <String CONTENT="Iertio, HABENT CAVTERIATAM"
                    HPOS="121"
                    VPOS="121"
                    WIDTH="771"
                    HEIGHT="51"
                    WC="0.9997767072457534"></String>
          </TextLine>
          <TextLine ID="line_2"
                    TAGREFS="LT8"
                    BASELINE="93 202 890 196" 
                    HPOS="92.0"
                    VPOS="159.0"
                    WIDTH="798.0"
                    HEIGHT="59.0">
            <Shape><Polygon POINTS="93 202 93 211 171 211 176 212 202 218 203 218 204 218 225 212 230 211 235 212 258 217 259 217 260 217 261 217 267 212 270 210 278 212 286 214 287 214 288 214 317 212 360 210 442 210 448 212 452 216 453 216 454 216 455 216 477 212 488 211 539 213 607 215 608 215 609 215 616 213 636 208 651 213 652 213 653 213 654 213 659 213 701 210 735 213 745 214 746 214 747 214 748 214 749 213 758 207 774 207 792 213 793 213 793 214 889 214 890 196 889 167 865 159 865 159 864 159 785 160 755 167 624 160 623 160 585 161 584 161 583 161 575 168 396 162 395 162 394 162 379 169 364 162 363 162 362 162 361 162 360 162 351 168 315 163 314 163 313 163 312 163 303 170 271 165 270 165 269 165 259 170 210 166 209 166 208 166 197 172 144 172 137 166 136 166 135 166 134 166 92 172 93 202"/></Shape>
	    <String CONTENT="CONSCIENTIAM, quaſi dicat, infeli¬"
                    HPOS="92.0"
                    VPOS="159.0"
                    WIDTH="798.0"
                    HEIGHT="59.0"
                    WC="0.999452573411605"></String>
          </TextLine>
          <TextLine ID="line_3"
                    TAGREFS="LT8"
                    BASELINE="90 248 893 246" 
                    HPOS="89.0"
                    VPOS="208.0"
                    WIDTH="804.0"
                    HEIGHT="58.0">
            <Shape><Polygon POINTS="90 248 90 261 475 266 476 266 477 266 492 260 494 260 502 260 551 265 552 265 616 260 624 260 646 260 865 265 866 265 892 259 893 246 891 217 811 208 810 208 774 210 773 210 760 216 759 217 734 217 733 216 720 208 719 208 718 208 693 208 692 208 691 208 690 208 681 215 655 208 654 208 578 208 577 208 577 208 576 208 563 216 549 208 548 208 547 208 546 208 545 208 523 216 521 217 489 218 391 218 380 215 345 209 323 209 322 209 321 209 320 209 309 215 307 216 304 215 288 210 288 210 287 210 286 210 285 210 276 215 272 217 267 215 250 209 249 209 183 209 182 209 181 209 168 215 165 216 162 215 151 210 150 210 149 210 148 210 137 215 130 217 89 215 90 248"/></Shape>
	    <String CONTENT="citer illis cedit errorum defenſio: foris ſplen¬"
                    HPOS="89.0"
                    VPOS="208.0"
                    WIDTH="804.0"
                    HEIGHT="58.0"
                    WC="0.997328686217467"></String>
          </TextLine>
          <TextLine ID="line_4"
                    TAGREFS="LT8"
                    BASELINE="85 298 894 298" 
                    HPOS="85.0"
                    VPOS="257.0"
                    WIDTH="809.0"
                    HEIGHT="60.0">
            <Shape><Polygon POINTS="85 298 85 311 114 316 115 316 271 315 272 315 288 312 293 311 370 311 372 312 378 316 379 316 380 316 381 316 419 312 424 312 426 312 441 316 442 316 443 316 444 316 445 316 452 312 455 311 516 311 520 313 530 316 531 316 532 317 597 317 597 316 598 316 611 313 617 311 655 313 729 316 730 316 731 316 732 316 737 313 740 311 749 313 763 316 764 316 765 316 894 313 894 298 894 268 845 259 844 259 803 268 679 268 662 257 661 257 660 257 614 257 613 257 613 257 612 257 602 265 556 267 512 258 511 258 487 262 455 257 454 257 453 257 452 257 435 268 394 268 349 257 288 257 288 257 287 257 267 268 211 268 194 257 193 257 192 257 143 257 142 257 141 257 140 257 130 263 108 258 107 258 106 258 85 267 85 298"/></Shape>
	    <String CONTENT="didi ſunt doctores, &amp; Promethei: intus mi¬"
                    HPOS="85.0"
                    VPOS="257.0"
                    WIDTH="809.0"
                    HEIGHT="60.0"
                    WC="0.9966491645290738"></String>
          </TextLine>
          <TextLine ID="line_5"
                    TAGREFS="LT8"
                    BASELINE="79 349 891 345" 
                    HPOS="78.0"
                    VPOS="305.0"
                    WIDTH="813.0"
                    HEIGHT="64.0">
            <Shape><Polygon POINTS="79 349 79 364 96 368 97 368 98 368 106 364 114 360 135 364 142 365 143 365 148 364 165 360 176 364 181 366 182 366 183 366 195 364 210 360 216 363 224 368 225 368 226 369 262 369 262 368 295 367 296 367 306 363 315 359 412 362 457 363 458 363 468 362 491 358 498 361 507 366 508 366 509 366 531 361 536 360 540 361 552 366 553 366 554 366 555 366 572 361 576 360 589 361 649 365 650 365 683 360 701 357 716 360 742 365 743 366 781 366 781 365 782 365 783 365 791 359 792 358 793 359 804 365 805 365 806 366 861 366 861 365 890 358 891 345 888 310 819 313 803 310 787 306 786 306 785 306 775 310 767 313 759 310 750 305 749 305 748 305 747 305 738 310 735 311 729 310 708 305 707 305 706 305 695 310 685 315 657 315 649 310 645 306 644 306 643 306 604 306 603 306 602 306 595 310 587 314 577 310 574 309 573 309 572 309 564 310 541 314 535 310 530 306 529 306 528 306 494 306 493 306 492 306 491 306 485 310 483 311 473 310 448 307 447 307 446 307 439 310 431 315 423 310 419 307 418 307 417 307 416 307 415 307 407 310 396 314 357 310 332 308 331 308 330 308 325 310 316 315 305 310 302 309 301 309 300 309 299 309 295 310 279 315 78 311 79 349"/></Shape>
	    <String CONTENT="ſerè torquentur alaſtore conſcientia ipſos ac¬"
                    HPOS="78.0"
                    VPOS="305.0"
                    WIDTH="813.0"
                    HEIGHT="64.0"
                    WC="0.9959916510480515"></String>
          </TextLine>
          <TextLine ID="line_6"
                    TAGREFS="LT8"
                    BASELINE="78 398 889 394" 
                    HPOS="77.0"
                    VPOS="355.0"
                    WIDTH="812.0"
                    HEIGHT="60.0">
            <Shape><Polygon POINTS="78 398 78 410 278 415 279 415 280 415 295 410 300 409 382 409 385 410 391 414 392 414 393 414 394 414 454 410 487 408 498 410 513 413 514 413 552 410 577 408 584 410 593 413 594 413 595 413 639 410 666 408 887 409 889 394 887 366 809 366 782 358 781 358 780 358 779 358 760 365 738 355 737 355 736 355 735 355 711 362 686 355 685 355 685 355 684 355 652 365 635 356 634 356 633 356 558 357 557 357 542 363 522 356 521 356 520 356 519 356 518 356 504 366 467 357 466 357 465 357 446 367 445 367 442 367 401 357 400 357 399 357 380 367 379 367 375 367 315 357 314 357 313 357 312 357 301 364 278 358 277 358 276 358 275 358 245 367 241 369 161 369 159 367 146 358 145 358 144 358 144 358 77 367 78 398"/></Shape>
	    <String CONTENT="cuſante, &amp; damnante. ſunt iſtæ furiæ &amp; ma¬"
                    HPOS="77.0"
                    VPOS="355.0"
                    WIDTH="812.0"
                    HEIGHT="60.0"
                    WC="0.9972917423361823"></String>
          </TextLine>
          <TextLine ID="line_7"
                    TAGREFS="LT8"
                    BASELINE="78 449 481 445 887 449" 
                    HPOS="77.0"
                    VPOS="408.0"
                    WIDTH="810.0"
                    HEIGHT="58.0">
            <Shape><Polygon POINTS="78 449 77 459 91 465 92 465 93 465 154 460 158 460 162 460 235 465 236 465 237 465 246 461 251 458 275 461 311 465 312 465 313 465 325 461 337 458 392 458 416 462 436 465 437 465 438 465 444 462 451 458 458 462 461 464 462 464 463 464 464 464 479 462 514 458 546 463 562 465 563 465 577 463 606 458 799 458 809 465 810 465 811 465 812 466 886 466 887 449 886 418 851 418 851 417 822 408 821 408 800 408 799 408 798 408 797 408 786 417 785 417 784 417 715 409 714 409 713 409 712 409 701 417 700 418 684 418 683 417 671 409 670 409 669 409 647 408 599 408 598 408 597 408 596 408 584 416 583 417 577 416 528 408 527 408 483 413 460 408 459 408 427 416 424 416 421 416 394 411 393 411 392 411 391 411 386 416 384 417 381 416 365 408 364 408 363 408 362 408 338 415 332 418 287 418 283 415 273 408 272 408 271 408 247 408 246 408 245 408 232 415 228 417 217 415 190 410 189 410 188 410 178 415 174 417 170 415 157 408 156 408 155 408 154 408 139 415 133 417 78 415 78 449"/></Shape>
	    <String CONTENT="nes à quibus nunquam tuti ſunt. Καυτήριον,"
                    HPOS="77.0"
                    VPOS="408.0"
                    WIDTH="810.0"
                    HEIGHT="58.0"></String>
          </TextLine>
          <TextLine ID="line_8"
                    TAGREFS="LT8"
                    BASELINE="87 497 889 495" 
                    HPOS="86.0"
                    VPOS="456.0"
                    WIDTH="803.0"
                    HEIGHT="60.0">
            <Shape><Polygon POINTS="87 497 87 508 107 514 108 514 108 514 109 514 110 514 117 509 158 514 159 514 223 509 240 515 241 515 242 515 276 509 286 515 287 515 288 515 288 516 357 516 357 515 358 515 374 509 375 509 423 515 424 516 468 516 468 515 468 515 485 509 488 508 491 509 507 514 508 514 509 515 566 515 566 514 567 514 577 509 579 508 622 508 625 509 631 514 632 514 633 514 634 514 668 509 679 508 797 508 805 509 828 514 829 514 889 509 889 495 887 460 839 458 838 458 821 460 783 466 758 461 735 456 734 456 733 456 717 461 705 465 694 462 677 456 676 456 654 456 653 456 652 456 651 456 643 462 642 463 641 462 629 456 628 456 581 456 580 456 579 456 560 463 553 466 548 463 537 456 536 456 535 456 534 456 533 456 504 464 497 466 490 464 468 457 468 457 467 457 399 465 396 465 379 457 378 457 337 457 336 457 335 457 334 457 323 466 321 468 280 468 278 466 253 457 252 457 252 457 251 457 250 457 233 467 232 468 189 468 135 468 110 461 109 461 108 461 108 461 86 468 87 497"/></Shape>
	    <String CONTENT="cauterium, chirurgicum eſt inſtrumentum,"
                    HPOS="86.0"
                    VPOS="456.0"
                    WIDTH="803.0"
                    HEIGHT="60.0"
                    WC="0.9854291692376137"></String>
          </TextLine>
          <TextLine ID="line_9"
                    TAGREFS="LT8"
                    BASELINE="94 547 890 542" 
                    HPOS="93.0"
                    VPOS="505.0"
                    WIDTH="797.0"
                    HEIGHT="55.0">
            <Shape><Polygon POINTS="94 547 94 560 889 560 890 542 888 514 852 514 836 505 835 505 834 505 833 505 814 514 746 514 738 507 737 507 736 507 735 507 734 507 717 514 647 514 629 505 628 505 581 505 580 505 579 505 561 515 560 515 464 506 463 506 462 506 461 506 447 515 429 507 428 507 427 507 362 512 315 507 314 507 278 514 256 507 255 507 254 507 253 507 233 512 216 508 216 508 215 508 214 508 213 508 203 514 180 510 179 510 178 510 159 518 113 518 107 512 106 512 105 512 104 512 103 512 93 516 94 547"/></Shape>
	    <String CONTENT="quo reſecantur interdum vſtione partes ma¬"
                    HPOS="93.0"
                    VPOS="505.0"
                    WIDTH="797.0"
                    HEIGHT="55.0"
                    WC="0.9891714482080369"></String>
          </TextLine>
          <TextLine ID="line_10"
                    TAGREFS="LT8"
                    BASELINE="89 597 892 593" 
                    HPOS="88.0"
                    VPOS="553.0"
                    WIDTH="804.0"
                    HEIGHT="62.0">
            <Shape><Polygon POINTS="89 597 89 608 173 613 174 613 175 613 176 613 182 608 194 615 195 615 196 615 197 615 217 610 245 615 246 615 247 615 248 615 258 607 261 607 307 614 308 615 342 615 342 614 343 614 357 607 384 607 397 614 398 614 399 614 430 609 547 613 548 613 549 613 550 613 560 607 609 612 610 612 687 605 729 611 730 611 779 604 793 611 794 611 795 611 825 606 867 611 868 611 869 611 892 602 892 593 890 563 860 558 859 558 818 562 817 562 816 562 790 554 789 554 788 554 787 554 771 560 747 553 746 553 731 553 730 553 729 553 728 553 717 562 715 564 664 564 659 561 649 558 648 558 647 558 628 561 620 563 617 561 607 554 606 554 605 554 604 554 558 561 538 565 496 565 484 561 467 556 466 556 465 556 464 556 463 556 455 560 452 562 449 560 434 555 433 555 432 555 396 556 395 556 394 556 386 560 377 565 311 560 310 560 309 560 308 560 263 565 249 560 240 557 239 557 221 557 220 557 219 557 218 557 214 560 201 567 179 567 167 560 163 557 162 557 161 557 160 557 88 559 89 597"/></Shape>
	    <String CONTENT="lè ſanæ à corpore humano. Item inſtrumen¬"
                    HPOS="88.0"
                    VPOS="553.0"
                    WIDTH="804.0"
                    HEIGHT="62.0"
                    WC="0.9882765620253807"></String>
          </TextLine>
          <TextLine ID="line_11"
                    TAGREFS="LT8"
                    BASELINE="94 646 890 643" 
                    HPOS="93.0"
                    VPOS="604.0"
                    WIDTH="797.0"
                    HEIGHT="60.0">
            <Shape><Polygon POINTS="94 646 94 658 152 658 167 664 168 664 169 664 234 658 245 657 251 658 281 664 282 664 337 663 338 663 339 663 347 658 348 657 359 658 396 662 397 662 398 662 410 658 417 656 483 656 485 658 491 663 492 663 493 663 494 663 537 658 541 658 556 658 671 662 672 662 673 662 685 658 695 655 708 658 721 662 722 662 723 662 741 658 756 655 769 658 784 662 785 662 786 662 787 662 799 658 812 655 888 658 890 643 887 611 854 613 847 611 834 605 833 605 832 605 786 611 780 611 779 611 769 604 768 604 767 604 718 604 717 604 681 611 668 613 665 611 656 604 655 604 654 604 624 604 623 604 588 611 572 614 543 611 507 607 506 607 505 607 498 611 491 614 484 611 474 607 473 607 472 607 471 607 459 611 453 613 448 611 435 605 434 605 433 605 432 605 420 611 417 613 413 611 405 607 404 607 403 607 402 607 401 607 396 611 394 613 392 611 384 605 383 605 382 605 359 605 358 605 357 605 339 611 329 615 320 611 306 606 305 606 262 606 261 606 260 606 250 611 243 616 171 616 164 611 155 606 154 606 153 606 152 606 151 606 132 611 118 615 93 612 94 646"/></Shape>
	    <String CONTENT="tum quo ſignabantur equi &amp; mancipia, vt ex"
                    HPOS="93.0"
                    VPOS="604.0"
                    WIDTH="797.0"
                    HEIGHT="60.0"
                    WC="0.9935640749477205"></String>
          </TextLine>
          <TextLine ID="line_12"
                    TAGREFS="LT8"
                    BASELINE="93 696 890 691" 
                    HPOS="92.0"
                    VPOS="652.0"
                    WIDTH="798.0"
                    HEIGHT="62.0">
            <Shape><Polygon POINTS="93 696 95 714 105 707 253 711 285 712 286 712 293 711 322 706 366 710 393 712 394 712 395 712 401 709 412 705 428 709 435 711 436 711 437 711 438 711 444 709 454 705 463 709 469 711 470 711 471 712 570 712 570 711 596 707 613 704 626 706 650 710 651 710 689 705 702 704 708 705 727 710 728 710 729 710 772 709 773 709 774 709 780 704 782 703 793 704 845 709 846 709 889 702 890 691 889 663 864 652 863 652 862 652 861 652 822 662 784 652 783 652 782 652 781 652 769 658 745 654 744 654 743 654 722 663 722 664 685 664 658 655 657 655 656 655 597 663 565 654 564 654 563 654 498 660 481 654 480 654 425 654 424 654 423 654 422 654 409 664 408 665 300 665 297 665 252 655 251 655 221 656 220 656 219 656 205 665 202 665 92 665 93 696"/></Shape>
	    <String CONTENT="nota inuſta cognoſci poſſent. Mancipia ali¬"
                    HPOS="92.0"
                    VPOS="652.0"
                    WIDTH="798.0"
                    HEIGHT="62.0"
                    WC="0.9872272499772006"></String>
          </TextLine>
          <TextLine ID="line_13"
                    TAGREFS="LT8"
                    BASELINE="96 743 891 740" 
                    HPOS="95.0"
                    VPOS="701.0"
                    WIDTH="796.0"
                    HEIGHT="60.0">
            <Shape><Polygon POINTS="96 743 96 761 149 754 172 760 173 760 174 760 206 755 238 760 239 760 266 755 277 760 278 760 279 760 280 760 295 754 324 760 327 760 328 760 329 760 330 760 337 755 346 760 350 761 351 761 352 761 353 761 359 759 381 753 427 753 443 759 447 760 448 760 449 760 450 760 455 759 475 753 499 758 506 760 507 761 624 761 624 760 625 760 633 757 646 753 654 757 658 759 659 759 660 759 679 757 714 753 889 755 891 740 889 711 808 701 807 701 806 701 770 711 686 711 674 701 673 701 672 701 628 701 627 701 626 701 625 701 612 711 592 703 591 703 568 702 567 702 566 702 565 702 553 710 462 702 461 702 421 712 405 712 354 712 353 712 341 703 340 703 339 703 338 703 273 709 237 703 236 703 235 703 220 710 191 703 190 703 189 703 188 703 177 712 176 713 95 713 96 743"/></Shape>
	    <String CONTENT="quandò ſic etiam in fronte notabantur: hoc"
                    HPOS="95.0"
                    VPOS="701.0"
                    WIDTH="796.0"
                    HEIGHT="60.0"
                    WC="0.9876361877419227"></String>
          </TextLine>
          <TextLine ID="line_14"
                    TAGREFS="LT8"
                    BASELINE="92 793 890 790" 
                    HPOS="91"
                    VPOS="751"
                    WIDTH="799"
                    HEIGHT="58">
            <Shape><Polygon POINTS="92 809 132 805 261 808 315 809 316 809 334 807 366 804 376 807 380 808 381 808 382 809 552 809 552 808 571 805 580 804 584 805 593 808 594 808 595 808 613 805 624 803 635 805 651 807 652 807 677 805 688 803 693 804 702 807 703 807 704 807 767 804 782 803 793 803 856 807 857 807 889 802 890 790 888 762 834 762 821 752 820 752 819 752 818 752 748 761 734 751 733 751 732 751 708 751 707 751 706 751 705 751 691 761 658 756 657 756 594 761 580 752 579 752 578 752 516 752 515 752 514 752 480 762 454 754 453 754 452 754 451 754 450 754 440 760 425 752 424 752 365 752 364 752 363 752 335 763 288 755 237 763 221 755 220 755 219 755 181 763 134 753 133 753 132 753 131 753 119 763 91 764 92 793"/></Shape>
	    <String CONTENT="ad conſcientias hîcApoſtolus transfert. Cau¬"
                    HPOS="91"
                    VPOS="751"
                    WIDTH="799"
                    HEIGHT="58"
                    WC="0.9957956777678596"></String>
          </TextLine>
          <TextLine ID="line_15"
                    TAGREFS="LT8"
                    BASELINE="89 843 889 840" 
                    HPOS="88.0"
                    VPOS="803.0"
                    WIDTH="801.0"
                    HEIGHT="58.0">
            <Shape><Polygon POINTS="89 843 89 861 117 855 247 859 275 860 276 860 284 859 319 853 411 857 450 859 451 859 464 857 489 852 549 856 576 857 577 857 604 855 631 853 634 855 639 858 640 858 641 858 642 859 685 859 685 858 686 858 694 854 699 851 710 854 723 857 724 857 725 857 726 857 734 853 740 851 759 853 793 857 794 857 888 851 889 840 887 805 833 803 832 803 831 803 830 803 827 805 820 811 778 811 765 806 754 803 753 803 752 803 751 803 750 803 745 806 738 811 595 811 581 808 559 804 513 804 512 804 511 804 499 809 495 812 453 812 447 810 440 807 439 807 324 805 324 805 323 805 322 805 313 811 311 813 260 813 258 812 251 806 250 806 249 806 248 806 247 806 234 811 222 805 221 805 220 805 219 805 218 805 210 811 197 806 196 806 195 806 194 806 175 813 173 813 167 813 102 807 101 807 100 807 88 812 89 843"/></Shape>
	    <String CONTENT="terio notat a dicitur conſcientia, quæ damnat"
                    HPOS="88.0"
                    VPOS="803.0"
                    WIDTH="801.0"
                    HEIGHT="58.0"
                    WC="0.9892376144727071"></String>
          </TextLine>
          <TextLine ID="line_16"
                    TAGREFS="LT8"
                    BASELINE="87 893 888 886" 
                    HPOS="86.0"
                    VPOS="847.0"
                    WIDTH="802.0"
                    HEIGHT="63.0">
            <Shape><Polygon POINTS="87 893 87 904 141 904 142 904 150 910 151 910 152 910 153 910 181 906 297 910 298 910 334 902 338 902 417 902 425 908 426 908 427 908 428 908 429 908 450 901 452 901 459 901 530 908 531 908 532 908 533 908 544 900 546 900 591 900 594 900 637 907 638 907 695 899 699 899 700 899 715 906 716 906 717 907 765 907 765 906 766 906 767 906 775 901 838 905 839 905 887 897 888 886 886 855 829 847 828 847 827 847 826 847 813 855 809 855 742 848 741 848 740 848 716 856 713 857 611 857 602 856 543 849 542 849 541 849 541 849 534 855 515 851 514 851 513 851 497 857 493 858 490 857 469 850 468 850 468 850 467 850 444 857 442 858 439 857 420 851 419 851 418 851 368 858 364 858 361 858 331 851 330 851 329 851 317 858 313 860 310 858 297 852 296 852 295 852 294 852 273 858 267 860 263 858 251 853 250 853 249 853 204 859 186 861 173 859 154 856 153 856 138 859 130 861 126 859 114 853 113 853 112 853 86 859 87 893"/></Shape>
	    <String CONTENT="&amp; reum agit hominem: eſt enim is domeſti¬"
                    HPOS="86.0"
                    VPOS="847.0"
                    WIDTH="802.0"
                    HEIGHT="63.0"
                    WC="0.996675242738026"></String>
          </TextLine>
          <TextLine ID="line_17"
                    TAGREFS="LT8"
                    BASELINE="85 941 890 936" 
                    HPOS="84.0"
                    VPOS="896.0"
                    WIDTH="806.0"
                    HEIGHT="63.0">
            <Shape><Polygon POINTS="85 941 85 951 245 959 246 959 288 958 289 958 308 951 381 958 382 958 383 958 407 950 517 957 518 957 553 950 631 956 632 956 666 949 717 954 718 954 719 954 720 954 730 948 772 948 781 954 782 954 783 954 784 954 785 954 786 954 795 948 836 948 878 955 879 955 880 955 881 955 890 947 890 936 888 901 784 896 783 896 748 902 727 906 718 903 701 897 700 897 699 897 663 904 645 907 637 904 619 897 618 897 576 897 575 897 574 897 573 897 573 898 565 904 541 898 541 898 540 898 539 898 524 905 518 908 495 906 444 901 443 901 442 901 420 907 415 908 413 907 402 899 401 899 400 899 344 899 343 899 342 899 341 899 329 908 327 909 311 908 199 902 198 902 163 910 163 910 84 910 85 941"/></Shape>
	    <String CONTENT="cus teſtis qui falli non poteſt, conſcius omniũ"
                    HPOS="84.0"
                    VPOS="896.0"
                    WIDTH="806.0"
                    HEIGHT="63.0"
                    WC="0.9937075587610403"></String>
          </TextLine>
          <TextLine ID="line_18"
                    TAGREFS="LT8"
                    BASELINE="85 991 886 983" 
                    HPOS="84.0"
                    VPOS="945.0"
                    WIDTH="802.0"
                    HEIGHT="67.0">
            <Shape><Polygon POINTS="85 991 87 1012 97 1005 168 1010 182 1011 183 1011 271 1010 272 1010 278 1008 294 1003 307 1008 310 1009 311 1009 312 1009 331 1007 384 1002 398 1006 405 1008 406 1008 407 1009 471 1009 471 1008 472 1008 484 1005 498 1001 529 1004 563 1007 564 1007 565 1007 577 1003 585 1000 622 1002 682 1006 683 1006 885 997 886 983 881 947 874 953 855 948 842 945 841 945 840 945 839 945 838 945 833 948 827 952 764 948 741 947 740 947 732 948 708 954 695 949 686 945 685 945 685 945 684 945 676 949 662 956 618 956 605 949 597 946 596 946 595 946 539 947 538 947 531 950 515 956 461 950 439 948 438 948 437 948 431 950 411 957 384 951 380 950 379 950 365 951 320 954 303 951 291 949 290 949 289 949 288 949 286 951 274 960 182 961 166 961 154 952 153 951 152 951 151 951 150 951 84 952 85 991"/></Shape>
	    <String CONTENT="dictorum, factorum, conſiliorum, cuius iudi¬"
                    HPOS="84.0"
                    VPOS="945.0"
                    WIDTH="802.0"
                    HEIGHT="67.0"
                    WC="0.996022263711149"></String>
          </TextLine>
          <TextLine ID="line_19"
                    TAGREFS="LT8"
                    BASELINE="84 1041 732 1042" 
                    HPOS="81"
                    VPOS="993"
                    WIDTH="650"
                    HEIGHT="62">
            <Shape><Polygon POINTS="83 1039 81 1055 730 1051 731 1041 730 998 695 993 693 993 692 993 677 998 658 1007 651 998 645 994 645 993 643 993 642 993 569 993 568 993 566 993 565 993 556 1000 551 1003 547 1000 538 993 537 993 535 993 534 993 467 1000 436 994 435 994 433 994 411 1001 400 1006 385 1003 341 993 340 993 338 993 337 993 319 1003 311 1007 83 1007 83 1039"/></Shape>
	    <String CONTENT="cium etiam valet apud Dei tribunal."
                    HPOS="81"
                    VPOS="993"
                    WIDTH="650"
                    HEIGHT="62"></String>
          </TextLine>
        </TextBlock>
        <TextBlock HPOS="121"
                   VPOS="1057"
                   WIDTH="574"
                   HEIGHT="50"
                   ID="block_1"
                   TAGREFS="BT1852">
          <Shape><Polygon POINTS="695 1057 695 1107 121 1107 121 1057"/></Shape>
          <TextLine ID="line_20"
                    TAGREFS="LT8"
                    BASELINE="142 1100 348 1092 680 1093" 
                    HPOS="140"
                    VPOS="1057"
                    WIDTH="538"
                    HEIGHT="55">
            <Shape><Polygon POINTS="665 1057 651 1057 645 1057 630 1060 622 1057 622 1057 607 1057 592 1057 578 1057 563 1057 557 1057 525 1060 513 1057 505 1057 490 1057 476 1057 473 1057 454 1061 140 1061 141 1099 141 1112 179 1105 677 1106 678 1092 676 1057 665 1057"/></Shape>
	    <String CONTENT="3 Prohibentium nubere, &amp;c."
                    HPOS="140"
                    VPOS="1057"
                    WIDTH="538"
                    HEIGHT="55"></String>
          </TextLine>
        </TextBlock>
        <TextBlock HPOS="86"
                   VPOS="1107"
                   WIDTH="805"
                   HEIGHT="301"
                   ID="block_4"
                   TAGREFS="BT1851">
          <Shape><Polygon POINTS="891 1107 891 1408 86 1408 86 1107"/></Shape>
          <TextLine ID="line_21"
                    TAGREFS="LT8"
                    BASELINE="194 1149 373 1144 884 1145" 
                    HPOS="193.0"
                    VPOS="1099.0"
                    WIDTH="691.0"
                    HEIGHT="63.0">
            <Shape><Polygon POINTS="194 1149 194 1155 202 1161 203 1161 204 1161 205 1162 242 1162 242 1161 243 1161 259 1155 276 1161 277 1161 278 1161 315 1155 334 1161 335 1161 336 1161 374 1155 375 1155 542 1155 570 1160 571 1160 598 1155 606 1160 606 1161 607 1161 608 1161 609 1161 610 1161 626 1155 708 1161 709 1161 750 1155 757 1160 757 1161 758 1161 759 1161 760 1162 797 1162 797 1161 798 1161 810 1155 863 1161 864 1161 865 1161 884 1154 884 1145 883 1107 780 1099 779 1099 778 1099 758 1107 754 1110 687 1110 685 1108 677 1103 676 1103 675 1103 674 1103 640 1108 631 1109 626 1108 591 1099 590 1099 589 1099 520 1105 484 1099 483 1099 482 1099 481 1099 468 1109 447 1101 446 1101 445 1101 444 1101 423 1109 423 1110 401 1110 360 1110 344 1099 343 1099 342 1099 311 1099 310 1099 309 1099 308 1099 293 1110 245 1110 222 1099 221 1099 220 1099 219 1099 193 1110 194 1149"/></Shape>
	    <String CONTENT="Tertio loco deſcribit tandem apoſta¬"
                    HPOS="193.0"
                    VPOS="1099.0"
                    WIDTH="691.0"
                    HEIGHT="63.0"
                    WC="0.9980986714363098"></String>
          </TextLine>
          <TextLine ID="line_22"
                    TAGREFS="LT8"
                    BASELINE="86 1194 885 1192" 
                    HPOS="85.0"
                    VPOS="1155.0"
                    WIDTH="800.0"
                    HEIGHT="57.0">
            <Shape><Polygon POINTS="86 1194 86 1205 231 1212 232 1212 270 1205 273 1205 278 1205 360 1212 361 1212 420 1205 446 1212 447 1212 448 1212 449 1212 450 1212 460 1205 500 1211 501 1211 502 1211 525 1204 527 1204 530 1204 552 1211 553 1211 554 1211 579 1206 617 1211 618 1211 619 1211 631 1205 694 1210 695 1210 696 1210 713 1204 714 1204 716 1204 769 1211 770 1211 771 1211 772 1211 783 1204 784 1204 845 1210 846 1210 884 1203 885 1192 883 1165 834 1155 833 1155 832 1155 831 1155 816 1165 773 1165 747 1165 747 1164 716 1155 715 1155 677 1155 676 1155 675 1155 655 1162 651 1158 650 1158 649 1158 649 1158 648 1158 647 1158 639 1164 595 1156 594 1156 593 1156 578 1160 570 1155 569 1155 568 1155 567 1155 504 1162 477 1157 476 1157 475 1157 454 1164 452 1165 449 1164 425 1155 424 1155 326 1155 325 1155 324 1155 308 1164 305 1166 205 1166 201 1164 172 1155 171 1155 170 1155 169 1155 168 1155 156 1164 154 1166 141 1166 138 1164 124 1155 123 1155 122 1155 101 1155 100 1155 99 1155 85 1162 86 1194"/></Shape>
	    <String CONTENT="ſiam à genere doctrinæ. Ex qua duos prima¬"
                    HPOS="85.0"
                    VPOS="1155.0"
                    WIDTH="800.0"
                    HEIGHT="57.0"
                    WC="0.9921587858089181"></String>
          </TextLine>
          <TextLine ID="line_23"
                    TAGREFS="LT8"
                    BASELINE="85 1244 886 1244" 
                    HPOS="85.0"
                    VPOS="1206.0"
                    WIDTH="801.0"
                    HEIGHT="55.0">
            <Shape><Polygon POINTS="85 1244 85 1258 304 1260 305 1260 306 1260 311 1259 322 1255 326 1259 328 1260 329 1260 330 1260 331 1261 376 1261 376 1260 377 1260 382 1260 395 1255 428 1260 432 1260 433 1260 438 1260 476 1255 497 1260 502 1260 503 1260 504 1260 509 1260 531 1255 613 1260 630 1260 631 1260 632 1260 634 1260 644 1255 697 1260 698 1260 699 1260 711 1255 738 1260 739 1260 740 1260 751 1255 865 1255 884 1260 886 1244 886 1216 839 1216 828 1206 827 1206 826 1206 793 1206 793 1206 792 1206 772 1216 721 1216 698 1206 697 1206 620 1206 619 1206 618 1206 617 1206 606 1215 586 1215 564 1206 563 1206 562 1206 561 1206 539 1215 519 1210 518 1210 517 1210 516 1210 515 1210 508 1216 442 1216 410 1206 409 1206 408 1206 407 1206 388 1215 376 1206 375 1206 374 1206 349 1206 348 1206 347 1206 319 1215 308 1207 307 1207 306 1207 281 1206 280 1206 279 1206 278 1206 265 1215 229 1207 228 1207 185 1215 178 1209 177 1209 176 1209 175 1209 151 1213 142 1206 141 1206 140 1206 115 1206 114 1206 113 1206 85 1215 85 1244"/></Shape>
	    <String CONTENT="rios articulos producit, vt poſteritas iudiciũ"
                    HPOS="85.0"
                    VPOS="1206.0"
                    WIDTH="801.0"
                    HEIGHT="55.0"
                    WC="0.991746963338649"></String>
          </TextLine>
          <TextLine ID="line_24"
                    TAGREFS="LT8"
                    BASELINE="81 1295 303 1292 885 1293" 
                    HPOS="80.0"
                    VPOS="1251.0"
                    WIDTH="805.0"
                    HEIGHT="61.0">
            <Shape><Polygon POINTS="81 1295 81 1312 118 1304 163 1311 164 1311 196 1305 206 1311 207 1311 208 1311 209 1312 254 1312 254 1311 255 1311 256 1311 256 1310 270 1303 322 1303 335 1310 338 1311 339 1311 340 1311 352 1309 389 1303 408 1303 416 1309 419 1311 420 1311 421 1311 422 1312 446 1312 446 1311 447 1311 452 1308 462 1303 493 1308 515 1311 516 1311 595 1307 662 1303 701 1303 706 1305 715 1311 716 1311 717 1311 718 1311 773 1305 790 1303 799 1304 820 1308 821 1308 838 1304 839 1304 840 1304 854 1310 855 1310 856 1310 884 1303 885 1293 884 1254 870 1251 869 1251 868 1251 867 1251 858 1255 843 1260 829 1255 821 1252 820 1252 819 1252 818 1252 807 1255 795 1259 785 1256 771 1251 770 1251 769 1251 768 1251 767 1251 761 1256 754 1261 727 1261 719 1256 712 1251 711 1251 710 1251 709 1251 666 1256 633 1251 632 1251 631 1251 613 1257 602 1261 529 1261 513 1258 481 1251 480 1251 479 1251 478 1251 469 1258 465 1261 436 1261 429 1259 410 1252 409 1252 408 1252 407 1252 387 1259 381 1260 378 1259 365 1251 364 1251 363 1251 362 1251 361 1251 343 1259 324 1251 324 1251 286 1251 285 1251 284 1251 283 1251 271 1260 269 1261 251 1261 249 1260 229 1251 228 1251 227 1251 179 1260 141 1251 140 1251 139 1251 138 1251 128 1258 96 1256 95 1256 94 1256 80 1260 81 1295"/></Shape>
	    <String CONTENT="poſsit ferre inter apoſtaticam &amp; Apoſtolicã"
                    HPOS="80.0"
                    VPOS="1251.0"
                    WIDTH="805.0"
                    HEIGHT="61.0"
                    WC="0.9942262944850054"></String>
          </TextLine>
          <TextLine ID="line_25"
                    TAGREFS="LT8"
                    BASELINE="77 1341 883 1339" 
                    HPOS="76.0"
                    VPOS="1303.0"
                    WIDTH="807.0"
                    HEIGHT="56.0">
            <Shape><Polygon POINTS="77 1341 78 1359 90 1354 351 1357 474 1358 475 1358 487 1356 501 1353 882 1353 883 1339 881 1311 769 1303 768 1303 712 1311 709 1311 697 1303 696 1303 695 1303 655 1303 654 1303 653 1303 631 1311 630 1312 532 1312 527 1312 515 1303 514 1303 513 1303 488 1303 487 1303 486 1303 485 1303 471 1312 469 1313 338 1313 337 1312 325 1306 324 1306 324 1306 323 1306 311 1312 310 1312 288 1307 288 1307 248 1312 247 1312 239 1306 238 1306 237 1306 236 1306 235 1306 216 1312 201 1304 200 1304 199 1304 169 1311 156 1304 155 1304 97 1304 96 1304 95 1304 76 1311 77 1341"/></Shape>
	    <String CONTENT="doctrinam, vt mirum ſit tam craſſa ignoran¬"
                    HPOS="76.0"
                    VPOS="1303.0"
                    WIDTH="807.0"
                    HEIGHT="56.0"
                    WC="0.9970374259837839"></String>
          </TextLine>
          <TextLine ID="line_26"
                    TAGREFS="LT8"
                    BASELINE="75 1393 803 1389" 
                    HPOS="74.0"
                    VPOS="1363.0"
                    WIDTH="729.0"
                    HEIGHT="48.0">
            <Shape><Polygon POINTS="794 1366 785 1366 775 1366 765 1366 756 1366 746 1366 736 1366 726 1366 717 1366 707 1366 697 1366 687 1366 678 1366 668 1366 658 1366 649 1366 639 1366 629 1366 619 1366 610 1366 600 1366 590 1366 580 1366 571 1366 561 1366 551 1366 541 1366 532 1366 522 1366 512 1366 503 1366 493 1366 483 1366 473 1366 464 1366 454 1366 444 1366 434 1366 425 1366 415 1366 405 1366 396 1366 386 1366 376 1366 366 1366 357 1366 347 1366 337 1366 327 1366 318 1366 308 1366 298 1366 288 1366 279 1366 269 1366 259 1366 250 1366 240 1366 230 1366 220 1366 211 1366 201 1366 191 1366 181 1366 172 1366 162 1366 152 1366 143 1366 133 1366 123 1366 113 1366 104 1366 94 1366 84 1366 83 1363 74 1363 75 1393 75 1405 169 1402 176 1404 190 1410 191 1410 192 1410 193 1410 208 1404 214 1401 312 1401 322 1403 345 1407 346 1407 347 1407 366 1402 367 1402 368 1402 386 1409 387 1409 388 1409 389 1409 417 1402 420 1401 423 1401 447 1410 448 1410 449 1410 450 1410 484 1401 488 1400 489 1401 504 1410 505 1410 506 1410 507 1411 561 1411 561 1410 562 1410 578 1404 680 1409 681 1409 682 1409 695 1402 721 1409 721 1409 722 1409 723 1409 724 1409 738 1400 788 1405 789 1405 790 1405 803 1398 803 1389 800 1366 794 1366"/></Shape>
	    <String CONTENT="tia mundum hæc duo capita neglexiſſe."
                    HPOS="74.0"
                    VPOS="1363.0"
                    WIDTH="729.0"
                    HEIGHT="48.0"
                    WC="0.9981010362908647"></String>
          </TextLine>
        </TextBlock>
        <TextBlock HPOS="80"
                   VPOS="1404"
                   WIDTH="811"
                   HEIGHT="153"
                   ID="block_3"
                   TAGREFS="BT1851">
          <Shape><Polygon POINTS="891 1404 891 1557 80 1557 80 1404"/></Shape>
          <TextLine ID="line_27"
                    TAGREFS="LT8"
                    BASELINE="131 1440 883 1438" 
                    HPOS="130.0"
                    VPOS="1398.0"
                    WIDTH="753.0"
                    HEIGHT="58.0">
            <Shape><Polygon POINTS="131 1440 133 1455 141 1450 152 1455 156 1456 157 1456 158 1456 159 1456 160 1456 161 1455 169 1450 239 1450 245 1454 246 1455 247 1455 248 1455 249 1455 250 1455 251 1455 252 1454 259 1450 341 1450 352 1453 361 1456 362 1456 363 1456 389 1453 411 1450 447 1452 504 1456 505 1456 535 1451 550 1449 555 1451 563 1455 564 1455 565 1456 624 1456 624 1455 625 1455 626 1455 632 1451 633 1450 638 1451 667 1455 668 1455 669 1455 681 1450 684 1449 687 1450 702 1455 703 1455 704 1455 772 1449 781 1449 789 1449 851 1455 852 1455 882 1448 883 1438 881 1411 855 1409 839 1398 838 1398 837 1398 836 1398 835 1398 799 1410 796 1410 767 1409 746 1398 745 1398 744 1398 719 1402 688 1398 687 1398 686 1398 685 1398 666 1410 642 1400 641 1400 588 1398 587 1398 586 1398 585 1398 568 1410 566 1411 511 1411 508 1410 482 1401 481 1401 480 1401 479 1401 454 1409 454 1410 400 1411 394 1409 360 1399 359 1399 268 1399 267 1399 266 1399 244 1407 227 1399 226 1399 207 1399 206 1399 205 1399 186 1409 181 1411 130 1409 131 1440"/></Shape>
	    <String CONTENT="1. Prohibebunt γαμεῖν, hoc eſt, honeſta¬"
                    HPOS="130.0"
                    VPOS="1398.0"
                    WIDTH="753.0"
                    HEIGHT="58.0"></String>
          </TextLine>
          <TextLine ID="line_28"
                    TAGREFS="LT8"
                    BASELINE="79 1488 883 1488" 
                    HPOS="79.0"
                    VPOS="1453.0"
                    WIDTH="804.0"
                    HEIGHT="52.0">
            <Shape><Polygon POINTS="79 1488 79 1499 144 1503 145 1503 175 1500 197 1498 208 1500 218 1503 219 1503 220 1503 221 1503 228 1500 236 1498 249 1501 267 1504 268 1504 269 1504 270 1504 274 1501 277 1498 284 1501 289 1503 290 1503 291 1503 309 1501 325 1499 329 1501 333 1504 334 1504 335 1504 336 1505 393 1505 393 1504 394 1504 399 1501 406 1498 410 1502 413 1504 414 1504 415 1504 416 1505 525 1505 525 1504 526 1504 531 1502 543 1498 582 1503 589 1503 590 1503 591 1503 593 1503 610 1498 623 1503 626 1504 627 1504 628 1504 636 1503 659 1499 693 1503 701 1504 702 1504 709 1503 745 1498 882 1504 883 1488 883 1461 820 1453 819 1453 584 1460 541 1453 540 1453 539 1453 538 1453 528 1461 502 1461 494 1454 493 1454 492 1454 439 1453 438 1453 437 1453 414 1460 406 1455 405 1455 404 1455 403 1455 402 1455 401 1455 393 1461 335 1461 328 1455 327 1455 326 1455 325 1455 288 1459 237 1453 236 1453 189 1460 138 1455 137 1455 79 1460 79 1488"/></Shape>
	    <String CONTENT="tem matrimonii tollent: ius eius in arctum"
                    HPOS="79.0"
                    VPOS="1453.0"
                    WIDTH="804.0"
                    HEIGHT="52.0"
                    WC="0.9926551693961734"></String>
          </TextLine>
          <TextLine ID="line_29"
                    TAGREFS="LT8"
                    BASELINE="79 1536 881 1536" 
                    HPOS="79.0"
                    VPOS="1495.0"
                    WIDTH="802.0"
                    HEIGHT="80.0">
            <Shape><Polygon POINTS="79 1536 79 1574 112 1573 113 1573 150 1560 175 1573 178 1574 179 1574 180 1575 320 1575 320 1574 321 1574 322 1574 327 1570 346 1557 373 1563 374 1563 375 1563 376 1563 386 1557 425 1558 439 1568 449 1574 450 1574 451 1574 452 1574 480 1567 519 1557 536 1566 540 1568 541 1568 541 1568 552 1566 571 1561 577 1565 587 1571 588 1571 589 1571 615 1572 616 1572 617 1572 634 1564 649 1557 737 1557 756 1562 763 1564 764 1564 765 1564 766 1564 775 1561 785 1559 796 1561 832 1568 833 1568 881 1559 881 1536 881 1507 819 1501 818 1501 817 1501 801 1506 779 1495 778 1495 777 1495 776 1495 734 1507 712 1507 689 1495 688 1495 687 1495 606 1501 575 1495 574 1495 573 1495 572 1495 564 1502 555 1495 554 1495 553 1495 529 1495 528 1495 527 1495 526 1495 509 1507 443 1507 427 1496 426 1496 425 1496 396 1495 396 1495 307 1506 293 1498 292 1498 291 1498 290 1498 289 1498 288 1498 279 1504 260 1495 259 1495 241 1495 240 1495 239 1495 238 1495 222 1505 144 1495 144 1495 143 1495 112 1507 79 1507 79 1536"/></Shape>
	    <String CONTENT="redigent: quod factum eſt duplici modo. Pri¬"
                    HPOS="79.0"
                    VPOS="1495.0"
                    WIDTH="802.0"
                    HEIGHT="80.0"
                    WC="0.9946529770439322"></String>
          </TextLine>
        </TextBlock>
      </PrintSpace>
    </Page>
  </Layout>
</alto>
