1076 1770
216 65 67 43 126

391 60 435 53 COMMENTARII

268.0 117.0 355.0 55.0 8 Si qua verò, &c.

312.0 172.0 691.0 55.0 Comminatio eſt quæ habet vim argu¬

205.0 215.0 798.0 59.0 menti, ne de publico ali velit, quæ à ſuis ali

208.0 266.0 791.0 57.0 poſsit. Ambiguus iterum eſt ſermo, ſed vtrin¬

206.0 313.0 788.0 61.0 que ſeruit inſtituto. Nam ſi de viduis laſciuis

203.0 362.0 783.0 61.0 accipias, quæ ſuis neglectis, aliunde vitã quæ¬

201.0 413.0 783.0 59.0 ritãt: rectè dicitur de eo quòd ſuos negligãt,

202.0 461.0 788.0 61.0 illis non cõſulant, nec proſpiciant cum quib.

198 513 796 58 manere nolunt: & ſæpe illarũ præ ſentia rem

202.0 560.0 791.0 58.0 domeſticã plurimum auget: TALES FIDEM

199.0 610.0 793.0 57.0 NEGARVNT, h.e. Chriſtianã profeſsionẽ, cui

198.0 659.0 791.0 58.0 non reſpondent, & ideo infidelibus ſunt pe¬

195.0 708.0 794.0 61.0 iores, qui ſuis piè & ſanctè proſpicere malue¬

196.0 760.0 791.0 57.0 rũt, & apud filios tenuiter viuere, quàm alibi

193.0 806.0 792.0 59.0 lautè. Itaq. nulla pia vidua hoc conari debet.

193.0 854.0 791.0 65.0 Sin ad filias referas, illas quoque terrebit argu

192.0 907.0 790.0 58.0 mentũ vt curẽt ſuas matres viduas, quia do¬

189.0 956.0 794.0 58.0 meſticæ ſunt, præ terea propriæ ſunt, præter¬

189.0 1005.0 793.0 57.0 ea fidẽ non negaſſe videbũtur, & ab Ethnicis

186.0 1054.0 794.0 56.0 minimè victæ: certum enim eſt ingratas erga

189.0 1104.0 791.0 55.0 parentes damnari ab Ethnicis, cuius rei vide

187.0 1149.0 690.0 64.0 exempla apud Val.de gratis & ingratis.

245 1194 426 70 9 Vidua allegatur, &c.

290.0 1250.0 681.0 67.0 Tertia ſequitur nota quæ vidua digna

186.0 1298.0 778.0 68.0 poſsit eſſe miniſterio publico, & alimẽto, que

179.0 1351.0 783.0 64.0 ſcil.attigerit annum 6o. Nam talis inepta eſt

183.0 1399.0 774.0 65.0 partui & ob id libidini minus ſubiecta. Poſte¬

178.0 1450.0 778.0 62.0 riùs ſeculũ mitigauit hũc numerũ, quadrage¬

178.0 1500.0 782.0 74.0 nariã admittẽdo: plus peccant hodie, quãlibet

841.0 1558.0 117.0 65.0 ſuſpi¬
