1079 1756
402.0 79.0 458.0 59.0 COMMENTARII

223.0 106.0 30.0 37.0 18

209.0 137.0 802.0 59.0 ctrinæ, ſeu forma ac materia, quæ eſt έτεροδι¬

213.0 187.0 795.0 57.0 δασκαλεῖν : genus enim videtur ſignificare

213.0 239.0 794.0 54.0 omnium corruptelarum, quibus omnibus

212.0 281.0 793.0 62.0 hoc proprium eſt quod dicitur ἕτερον, id eſt, a¬

212.0 334.0 785.0 58.0 lienum & peregrinum, cui opponitur γνήσιον,

218.0 383.0 778.0 58.0 genuinũ, quod conſonũ eſt ſacræ Scripturæ

213.0 432.0 788.0 56.0 & conforme menti S.Sancti. Proprium ſa¬

214.0 479.0 793.0 56.0 cræ doctrinæ eſt comprehendi ſacris literis:

217.0 528.0 792.0 60.0 proprium falſæ doctrinæ, eſt ab eo quod

214.0 576.0 795.0 60.0 comprehenſum eſt ſacris literis alienum eſ¬

214.0 625.0 796.0 59.0 ſe. Et illud ἕτερον vel ad formam, vel ad ma¬

215.0 676.0 794.0 59.0 teriam referri poteſt. Ad materiam ſi refe¬

215.0 724.0 795.0 59.0 ras, tum ſenſus erit, ne alia doctrina, quàm ſa¬

216.0 775.0 792.0 59.0 cris literis expreſſa proferatur, hoc eſt, in his

216.0 822.0 787.0 61.0 quæſtionib ſubſiſtamus: quid.n.ad nos quan¬

218.0 871.0 787.0 62.0 do conditi ſint Angeli, quis ſit illorum ſer¬

215.0 923.0 790.0 61.0 mo, quæ inter illos politia & ordinum gra¬

217.0 970.0 792.0 62.0 dus? &c. Si ad formam referas, vetabit Apo¬

216.0 1021.0 795.0 58.0 ſtolus hîc, ne locos Scripturæ noua interpre¬

217.0 1074.0 797.0 56.0 tatione corrumpamus. Itaque & materia &

216.0 1119.0 799.0 59.0 formula explicandi ex Apoſtolica doctrina

216.0 1165.0 795.0 66.0 eſt depromenda: ſiquid aliunde afferatur

215.0 1218.0 794.0 59.0 ſiue in modo, ſiue in materia, id totum ἕτερον

216.0 1290.0 728.0 39.0 eſt, & ob id adulterinum ac pernicioſum.

265.0 1319.0 745.0 57.0 Deinde expendatur contra quos valeat

216.0 1364.0 784.0 62.0 iſta admonitio perſonam indefinito prono¬

215.0 1416.0 802.0 60.0 mine notat, τισὶ quibuſdam, ſignificans non

216.0 1463.0 802.0 56.0 ſolùm animi ſui modeſtiam in taxandis re¬

221.0 1510.0 801.0 64.0 probis, ſed ſpem de illorum emẽdatione ſu¬

893.0 1560.0 131.0 66.0 pereſ¬
