1068 1766
214 80 60 41 118

397 75 461 51 COMMENTARII

212 133 795 53 rioribus, mox cum ſexu differentibus, vt ſciat

212.0 180.0 795.0 56.0 quomodo ſe erga omnes gerere debeat. Se¬

209.0 226.0 794.0 59.0 niorem non debet ἐπιπλήττειν, hoc eſt, du¬

209.0 276.0 795.0 59.0 riùs tractare verbis & ſermone, tragico ter¬

209.0 324.0 791.0 60.0 rere, quaſi plagis caſtigare, nam hoc modo

209.0 376.0 788.0 56.0 non ſeruaret decorum ſuæ perſonæ, quod

209.0 421.0 789.0 62.0 ne ſalua quidem pietate negligi poteſt. Vi¬

210.0 471.0 792.0 59.0 deant igitur hodie miniſtri quomodo tem¬

212.0 522.0 791.0 60.0 perent ſuas ἐπιπλήξεις, certè plus ſtrepitus

211.0 572.0 787.0 60.0 auditur quàm rei, perſonant magis quæ¬

211.0 623.0 793.0 53.0 dam templa vociferationibus more bac¬

211.0 670.0 793.0 57.0 chantium, quàm vtili doctrina, id vitandum

211.0 718.0 790.0 51.0 eſt Timotheo: faciendum autem illi, SED

210.0 772.0 791.0 55.0 HORTAREVT PATREM. In genere reſpicit

212.0 819.0 786.0 56.0 perſonam docentis Timothei quem vt iu¬

211.0 870.0 791.0 56.0 uenem opponit ſenioribus in cœtu, qui opus

209.0 917.0 791.0 59.0 habent correptione, quia & ipſi delinquunt,

211.0 969.0 793.0 55.0 & peccatores ſunt: tamen vt cum fructu eos

209.0 1014.0 792.0 56.0 corripiat, prudenter admonet lenitatis:

207.0 1062.0 795.0 52.0 finis enim docentis eſt peccatorem ſenem

205.0 1108.0 798.0 58.0 etiam reddere meliorem, id fieri non poteſt

205.0 1156.0 789.0 61.0 ſi in ſermone reprehenſoris prodat ſe inſul¬

207.0 1208.0 793.0 58.0 tatio arrogans, mordax contemptus, iuueni¬

205.0 1254.0 795.0 62.0 lis petulantia, & ſimilia. Igitur & oratio &

207.0 1303.0 789.0 63.0 geſtus accommodandi ſunt, vt ſummam in

204.0 1354.0 784.0 61.0 reprehendendo lenitatem intelligat, hoc

204.0 1404.0 784.0 59.0 eſt, animum filii prodere. Seniorum ho¬

205.0 1456.0 787.0 54.0 nori parcere, loco parentum colere. Hoc

209.0 1504.0 782.0 67.0 Timotheum iubet præſtare: igitur omni¬

917.0 1555.0 80.0 72.0 bus
