1061 1734
167.0 40.0 615.0 56.0 IN I. EPIST. AD TIMOTH.

836.0 57.0 32.0 44.0 27

72.0 91.0 802.0 55.0 da ſunt omnia. legitime vtitur Lege qui mẽtẽ

72.0 135.0 801.0 60.0 legiſlatoris in illa reſpicit, & ad hanc mentem

73.0 185.0 799.0 56.0 omnia refert. Mens autẽ Dei erat, vt Lex illa

74.0 234.0 796.0 60.0 pædagogus eſſet ad Chriſtum, quo veniente

73.0 283.0 797.0 62.0 ceſſaret tota illa pædagogia, Gal.3.ideo cõuin

73.0 334.0 796.0 61.0 cuntur abuſus omnes illi doctores Legis, qui

77.0 381.0 793.0 62.0 Chriſto iã exhibito obtrudunt circũciſionẽ a¬

83.0 430.0 786.0 62.0 laſq. ceremonias tãquã ad ſalutẽ neceſſarias.

105.0 480.0 763.0 61.0 Deinde alter vſus Legis, eſt mõſtrare pecca

94.0 533.0 771.0 55.0 tum, de quo imprimis etiam conſtare debet.

98.0 578.0 769.0 62.0 Verùm hunc vſum ita exercet, vt ad Chriſtũ

95.0 628.0 770.0 65.0 liberatorem à peccato impellat. Hinc Legi

94.0 679.0 767.0 66.0 tribuitur, iram operari, oſtendere peccatum,

98.0 722.0 522.0 66.0 pædagogum eſſe ad Christum.

121.0 786.0 720.0 59.0 9 Sciẽs hoc, quod iuſto lex nõ ſit poſita, &c.

120.0 831.0 740.0 60.0 Explicat propoſitũ ſuũ de vero vſu Legis,

84.0 882.0 781.0 59.0 patefaciẽdo ad quos nõ ꝑtineat. Nõ pertinet

82.0 931.0 776.0 57.0 ad iuſtũ, inquit, IVSTO LEX NON EST POSI

92.0 979.0 771.0 63.0 TA, h.e. quatenus iuſtus eſt nemo Lege vrgẽ¬

92.0 1029.0 772.0 59.0 dus eſt, ſed quatenus peccator. Iam renati in

94.0 1077.0 769.0 58.0 Chriſto iuſti sũt, imputatione beneficii Chri

93.0 1126.0 769.0 59.0 ſti igitur ceremoniis non ſunt onerãdi, quod

90.0 1178.0 773.0 56.0 moralia attinet, nouos quoque motus in illis

90.0 1224.0 774.0 62.0 efficit S. Sanctus, vt ſpõte illa præſtent quan

86.0 1273.0 776.0 62.0 tum homini eſt poſsibile. Itaque illis Lex nõ

79.0 1322.0 783.0 61.0 eſt poſita. Iuſtus igitur hîc accipitur pro illo

74.0 1373.0 788.0 57.0 qui Chriſti merito, & imputatione iàm à dã¬

71.0 1423.0 790.0 56.0 natione & iure peccati abſolutus eſt, & liber

74.0 1472.0 786.0 56.0 pronunciatus. Sunt enim iuſtorum tres ordi¬

70.0 1518.0 791.0 69.0 nes. Alii iuſti ſunt natura, talis Adã erat ante
