1014 1752
79.0 61.0 641.0 55.0 IN I. EPIST. AD TIMOTH.

52.0 111.0 755.0 62.0 conſcientia eſt in miniſtro qua nihil agit pe¬

54.0 160.0 757.0 64.0 tulanter, nihil ambitiosè, nihil temere: hanc

56.0 208.0 754.0 62.0 ſi conſeruat, ingens præſidium ad res vtiliter

56.0 255.0 756.0 67.0 adminiſtrandi in Eccleſia. Hanc commẽdat

57.0 307.0 755.0 66.0 à periculoſo. QVAM NONNVLLI REPVDIAN¬

62.0 360.0 749.0 58.0 TES, CIRCA FIDEM NAVFRAGIVM FECE¬

60.0 404.0 753.0 64.0 RVNT: ergo ſtudiosè conſeruanda eſt conſciẽ

67.0 456.0 745.0 62.0 dæ integritas, quia hac amiſſa, ſimul perit fi¬

81.0 504.0 729.0 62.0 des hoc eſt, formula ſanæ doctrinæ. Id con¬

82.0 552.0 451.0 65.0 fiderent diligenter miniſtri.

107.0 620.0 594.0 72.0 20 Ex quibus eſt Hymenæus, &c.

115.0 696.0 699.0 63.0 Rem illuſtrat exemplis: triſtiſsimi ſunt

92.0 746.0 718.0 65.0 illi caſus in miniſterio, præſertim in graui¬

80.0 794.0 733.0 65.0 bus viris quales iſti fuerunt. De Hymenæo

84.0 845.0 731.0 63.0 vide infrà 2. Timoth. cap. ſecundo, negauit

83.0 893.0 731.0 62.0 reſurrectionem carnis, quod illi irr epſit ex a¬

73.0 930.0 71.0 70.0 miſſa

140.0 940.0 673.0 63.0 bona conſcientia. Sequitur hinc pœna

86.0 991.0 727.0 64.0 corruptæ doctrinæ, & ſauciatæ conſcientiæ.

89.0 1040.0 726.0 65.0 TRADIDIT EOS SATANAE, quæ erat pote¬

88.0 1090.0 726.0 65.0 ſtas Apoſtolis tradita, puniendi palam con¬

93.0 1143.0 720.0 59.0 tumaces & vice politici magiſtratus. Po¬

77.0 1187.0 739.0 63.0 ſtea aucta Eccleſia, & reddito magiſtratu

75.0 1236.0 740.0 62.0 politico deſiit vt alia multa. Poſtea ad Ex¬

73.0 1288.0 743.0 61.0 communicationem etiam hoc applicarunt,

69.0 1335.0 748.0 62.0 ae diſtinxerunt in minorem & maiorem:

70.0 1386.0 747.0 60.0 minoris hos gradus conſtituerunt, priuatam

77.0 1432.0 738.0 63.0 admonitionem, admonitionem factam per

78.0 1477.0 740.0 86.0 miniſtros Eccleſiæ, demum ſubmouere à

769.0 75.0 36.0 47.0 41
