1015 1764
194 88 47 47 142

382 73 445 51 COMMENTARII

194 135 771 52 illum arguet, hoc eſt, mores mutabit iam e¬

193 172 772 62 uectus ad aliquam dignitatem. Illa licet ſe¬

194 225 770 55 quantur criſin factam, tamen correctionem

193 271 767 65 admittant, vt talis iterum deponatur com¬

192 323 763 59 modè, maturéque adhibeatur morbo reme¬

193 373 759 57 dium. Sic dum cenſura peccantium agitur,

194 416 763 70 quidam adeò callidè ſua peccata poſſunt te¬

195 469 765 66 gere, vt nullis argumentis aut teſtibus ſatis

193 517 771 66 cõuinci poſs int. Hi impediũt actibus iudicia

193 569 769 65 ſana, vt ſtatui certò non poſsit: attamẽ dein¬

194 619 769 63 ceps ſequetur, inquit, vt notoria fiant. Domi¬

191 666 773 66 nus enim non fert iſta monſtra vt ſemper la¬

191 715 776 65 teant ſub ouilla veſte. Interdum per ipſam

192 764 772 63 criſin declarantur, vt in Actis, Ananias & Sa¬

194 812 771 67 phira produntur ipſa criſi, quam SpiritusS.

199 865 766 64 per Petrum fecit. Itaque conſolatio non ha¬

194 916 773 62 bet locum, conſtanter exploranda omnia in

194 963 776 64 cenſuris, in examinibus ſeu peccantium ſeu

195 1011 769 66 eligẽdorum miniſtrorum fore vt iudicia no¬

195 1058 774 66 ſtra non ſemper fallantur, ſi non in actione

198 1102 762 74 produntur, certè paulò pòſt manifeſti fient.

253 1162 594 65 25 Similiter & bona opera, &c.

239 1210 725 60 Contrarium membrum de bonorũ inno¬

195 1261 769 60 cẽtia, quæ itidem vel notoria fit, per ipſam in

194 1310 764 58 quiſitionem vt certa ſit criſis: vel latẽs in a¬

193 1360 758 60 ctione poſt criſin ſuo tempore patefiet. Con¬

195 1409 760 61 ſolatio & in hiseſt, Veritatem ſemper latere

194 1463 763 69 non poſſe quin patefiat: temporis enim eſt

193 1505 99 78 filia.

803 1561 148 63 CAPVT
