1084 1757
216 79 47 39 122

389 70 445 44 COMMENTARII

208.0 122.0 796.0 55.0 norandis viduis applicat, ad ſolas illas quæ

208.0 166.0 796.0 60.0 ὄντως ſunt quod dicuntur: id quale ſit ex ſub¬

206.0 217.0 425.0 58.0 iectis notis intelligatur.

266.0 267.0 522.0 62.0 4 Si verò aliqua vidua, &c.

286.0 322.0 705.0 56.0 Ἔκθεσις eſt plenior, quæ ſint verè viduæ,

205.0 370.0 782.0 56.0 & quæ non verè. Verè eſt vidua, quæ non

203.0 417.0 789.0 59.0 ſolùm viro orbata eſt, ſed quæ non habet

208.0 467.0 790.0 61.0 Τέκνα, nec ἔκγονα, hoc eſt, nulla planè au¬

210 512 497 57 xilia humanitus expectanda.

251.0 564.0 750.0 61.0 Itaque illa quæ habet filios, filias, aut ne¬

203.0 612.0 799.0 61.0 potes, ſimiléſve perſonas, nõdum eſt verè vi¬

199.0 663.0 804.0 59.0 dua, & ideo non idonea quæ de publico ala¬

198.0 710.0 803.0 61.0 tur, niſi & iſti planè omni ſubſidio careant.

199.0 759.0 804.0 61.0 Hoc poſtea dicet μεμονωμένην. Colligamus

196.0 807.0 805.0 64.0 igitur notas idoneæ viduæ alendæ ex bonis

197.0 857.0 803.0 62.0 Eccleſiaſticis. Prima ſit nota, DEBET ESSE

202.0 907.0 800.0 61.0 VERE' VIDVA, hoc eſt, μεμονωμένν, orbata &

194.0 958.0 812.0 61.0 marito & omni ſobole: ratio eſt, quia dum ta¬

194.0 1007.0 811.0 58.0 les ſuperſunt, debent diſcere parem referre

198.0 1054.0 807.0 61.0 gratiam. Sed eſt ambigua ſententia: diſcant

195.0 1102.0 812.0 61.0 primùm propriam domum εύσεβεῖν, & red¬

193.0 1150.0 808.0 61.0 dere vicem maioribus: poteſt intelligi pri¬

189.0 1197.0 813.0 63.0 mùm de viduis, vt ipſæ malint cum ſuis ha¬

188.0 1245.0 812.0 65.0 bitare, & in pietate domeſticos erudire, quod

186.0 1295.0 810.0 61.0 rectè dicitur ἴδιον οἴκον εὐσεβεῖν, hoc eſt, piè co¬

185.0 1347.0 801.0 60.0 lere ſuam familiam: eſt enim leuitatis argu¬

184.0 1394.0 800.0 61.0 mentum ſi vidua nolit ſuis cohabitare, & ma

187.0 1446.0 795.0 61.0 gis delectetur aliorum conuerſatione, quàm

183.0 1495.0 801.0 74.0 domus ſuæ & familiæ. Et id etiam dicitur

851.0 1552.0 129.0 64.0 vicem
