1070 1759
240 79 24 44 50

423.0 57.0 459.0 56.0 COMMENTARII

230.0 120.0 799.0 53.0 curam omnium ad hunc vnum pertinere, ſic

231.0 168.0 798.0 57.0 quia vnus tantùm eſt mediator: conſequens

230.0 216.0 798.0 57.0 eſt, omnium peccatorum cauſam ad hunc

232.0 263.0 791.0 54.0 vnum eſſe deferendam. Deus ille vnus om¬

229.0 311.0 793.0 59.0 nes homines damnandi habet ius, quia in il¬

229.0 361.0 786.0 62.0 lum omnes peccarunt, nunc ſi multi eſſent

229.0 411.0 788.0 60.0 mediatores, alii aliis modis poſſent reconci¬

229.0 460.0 793.0 58.0 liari, nec eſſet neceſſum Chriſtianos pro om¬

229.0 510.0 795.0 57.0 nibus orare: at ſolùm vnus eſt mediator, ille

234.0 558.0 791.0 59.0 Chriſtus Dei filius à quo pii dicuntur Chri¬

229.0 609.0 793.0 59.0 ſtiani, ergo vt omnes ad hunc vnum media¬

229.0 659.0 795.0 57.0 torẽ conuertantur pro illis orandum eſt. Ac

227.0 705.0 796.0 67.0 mediatoris officium in Chriſto accipio, de

229.0 756.0 788.0 54.0 tota perſona Chriſti, hoc eſt, vt ſit mediator

227.0 806.0 788.0 58.0 reſpectu vtriuſque naturæ, diuinæ & huma¬

227.0 854.0 783.0 63.0 næ. Sĩc interpretatur locum hunc Chryſo¬

231 901 549 62 ſtomus, & alii, &c. Vide Locos.

289 963 538 51 6 Qui dedit ſemetipſum, &c.

321.0 1006.0 697.0 62.0 Explicat pleniùs hanc cauſam forma¬

225.0 1056.0 795.0 59.0 lem ſalutis noſtræ: λύτρον dicitur redemptio¬

226.0 1104.0 794.0 62.0 nis pretium: ἀντίλυτρον verò cùm alius ſoluit

226.0 1155.0 792.0 62.0 quod reus non poterat, vt in bello cùm ca¬

229.0 1204.0 789.0 62.0 put capite, vita vnius alterius morte redi¬

221 1250 179 58 mitur, &c.

273.0 1299.0 742.0 65.0 Ac latet hîc nouum argumentum, Cur

226.0 1350.0 786.0 63.0 pro omnibus ſit orandum. Ratio eſt, quia

225.0 1402.0 791.0 59.0 D. Chriſtus pro omnibus paſſus eſt. Cur

222.0 1451.0 801.0 63.0 igitur dubitares pro omnibus orare , quum

223.0 1501.0 802.0 69.0 Chriſtus non dubitarit pro omnibus |mori?

913.0 1552.0 118.0 66.0 Mor¬
