1098 1746
175 61 634 56 IN L. EPIST. AD TIMOTH.

842.0 70.0 47.0 53.0 33

91 111 796 62 mulieres, adhuc tamenfortè Ethnico more,

90.0 160.0 799.0 65.0 parum decorè ſeſe gererent, his præſcribit

91.0 213.0 792.0 57.0 ſuum quoddam decorum, quod eis omni¬

91.0 259.0 797.0 61.0 no ſeruandum eſt, vt in veſtitu omnis deſit

91.0 308.0 796.0 60.0 luxus, & ſuperbiæ ſuſpicio, in religione domi¬

91.0 359.0 796.0 61.0 nandi ambitio. Atque hæc duo membra iſto

106 404 336 64 capite explicantur.

144.0 455.0 743.0 62.0 Propoſitio illa ſit: Timotheo, & ob id om¬

99.0 503.0 789.0 64.0 ni Eccleſiarum miniſtro curandum eſt vt

101.0 554.0 787.0 61.0 preces in cœtibus publicis decenter & piè

91.0 605.0 797.0 58.0 fiant. Fient autem decenter, 1.ſi certam

88.0 654.0 797.0 59.0 habeant formulam. 2. ſi fiant pro his, pro

93.0 704.0 793.0 56.0 quibus orandum eſt. 3.ſi certo & ordinario

89.0 752.0 795.0 60.0 fine. 4. ſi honeſtis de cauſis impellantur ho¬

88.0 804.0 794.0 58.0 mines ad orandum. 5.ſi ab his fiant, quo¬

89.0 852.0 796.0 64.0 rum intereſt imprimis.6.ſi denique ſuo loco

94 896 185 68 & modo.

145.0 945.0 738.0 66.0 Quum igitur Apoſtolus de oratione ad¬

88 999 798 61 moneret, has circunſtantias omnes, breui¬

91.0 1046.0 793.0 66.0 ter quidem, ſed diligenter explicuit, quas nos

97 1097 466 59 etiam ordine notabimus.

163.0 1147.0 723.0 66.0 Verſ.1. Adhortor igitur ante omnia vt

99.0 1221.0 481.0 45.0 fiant deprecationes, &c.

205.0 1253.0 683.0 62.0 Exordium ſecundi loci ducit ab ipſa

107.0 1303.0 779.0 63.0 ſtatim propoſitione: curandum ei, vt preces

106.0 1356.0 781.0 55.0 fiant. Miſcet propoſitioni ſuam authori¬

108.0 1404.0 780.0 59.0 tatem, vt hortetur ad rem tam piam: neceſ¬

109.0 1454.0 780.0 58.0 ſariam autem indicat dum hortatur vt fiant

112.0 1503.0 776.0 71.0 πρῶτον πάντων.i.ante omnia, nõ quidem ſine
