1067 1738
384.0 49.0 443.0 50.0 COMMENTARII

182.0 56.0 43.0 44.0 12

177.0 97.0 799.0 61.0 ideo ſucceſſores Apoſtolorum etiam hãc ſo¬

179.0 150.0 803.0 53.0 lam doctrinam proferre debent, & qui ab hac

178.0 196.0 802.0 63.0 Ἐπιταγῇ  recedunt, non Apoſtolorum, ſed apo¬

180.0 248.0 624.0 59.0 ſtatarum ſucceſſores habendi ſunt.

231.0 298.0 649.0 64.0 2 Timotheo germano filio in fide.

252.0 352.0 719.0 61.0 Alter locus eſt ſalutationis, qui laudes

187.0 404.0 781.0 57.0 Timothei continet, quem ornat titulis con¬

180.0 453.0 795.0 51.0 uenientibus, hoc eſt, virtutem illius celebrat.

179.0 504.0 798.0 56.0 Eſt enim laus ſermo magnitudinem virtutis

178.0 555.0 798.0 54.0 exprimens, Ἔπαινος ἐστὶ λόγος ἐμφανίζων μέγεθος

181.0 601.0 797.0 57.0 τῆς ἀρετῆς: & virtutem declaramus vel profe¬

178.0 649.0 799.0 54.0 rendo efficientia virtutem, vel eiuſdem ef¬

179.0 700.0 798.0 57.0 fecta. Virtutem efficiunt parentes, pia edu¬

179.0 753.0 797.0 55.0 catio: quanquam non ſemper pii parentes

181.0 799.0 793.0 59.0 pios alant liberos. Effecta autem virtutis ſunt

178.0 844.0 794.0 61.0 facta illuſtria. Ideo Timotheum hîc laudans

179.0 896.0 793.0 58.0 filiũ ſuum facit, ſignificãs pia inſtitutione ad

178.0 949.0 793.0 55.0 hanc felicitatem perueniſſe, nec infeliciter

177.0 997.0 796.0 60.0 impendiſſe hos labores, ſed germanum factũ,

177.0 1045.0 795.0 61.0 hoc eſt, in fide & religione Chriſtiana inge¬

176.0 1109.0 355.0 42.0 nuum & ſincerum.

230.0 1142.0 746.0 63.0 Nomen Timothei, ſignificat eum qui

178.0 1192.0 797.0 60.0 Deum honorat & colit. Indubiè à piis pa¬

174.0 1244.0 799.0 57.0 rentibus, auia Loide, & matre Eunica, ei im¬

178.0 1290.0 790.0 62.0 poſitum fuit: non enim ſolenne erat adhuc,

178.0 1341.0 790.0 56.0 vt conuerſi ad Chriſtianiſmum alia aſſu¬

175.0 1392.0 797.0 58.0 merent nomina. Nomen pium religioni

174.0 1442.0 798.0 59.0 conforme eſt, muneri reſpondens, quia diui¬

176.0 1492.0 798.0 64.0 no conſecratus eſt miniſterio: quæ res à Deo

839.0 1541.0 131.0 60.0 guber¬
