1009 1760
198.0 76.0 43.0 44.0 152

401 53 386 57 COMMENTARII

186.0 114.0 785.0 62.0 nihil confert, qualis eſt quæſtio de purgato¬

185.0 163.0 785.0 61.0 rio, de inuocatione ſanctorum, de operibus

186 214 782 58 condignis, & congruis, de interceſsione ſan¬

186.0 262.0 635.0 62.0 ctorum pro nobis apud Deum, &c.

229.0 309.0 736.0 57.0 Λογομαχία diſputationum eſt vitium, quã

188.0 355.0 772.0 66.0 do de rebus ipſis conſtat, lis ſaltẽ de vocibus

186.0 406.0 773.0 64.0 eſt ac phraſi: oportet autem in vſu vocum fa¬

187.0 454.0 776.0 68.0 ciles eſſe quando de rebus conſtat, quod faci¬

188.0 502.0 775.0 70.0 lè agnoſcunt moderata ingenia quibus diſsi¬

190.0 554.0 775.0 63.0 dia diſplicent: ſed ſchiſmatici, vt in aliis, ita

188.0 601.0 777.0 65.0 hîc quoque difficiles ſunt. Ideo Apoſtolus

187.0 651.0 779.0 67.0 morbũ eſſe dicit, hoc eſt, animi vitiũ: morbus

187.0 701.0 783.0 62.0 etiam eſt, quia cauſa mala ſuſcipitur. Vt enim

186.0 748.0 784.0 68.0 ſimplex eſt veritatis orãtio, ſic falſi callida ſit

187.0 799.0 779.0 66.0 defenſio oportet: ſic Eurip.elegãter dixit, ἄ¬

198 846 766 69 δικος λόγος, νοσῶν ἐν ἑαυτῷ φαρμάκων δεῖται σοφῶν

218.0 901.0 747.0 64.0 Quinta nota eſt, Ex QVIBVS EFFICITVR

191.0 951.0 769.0 61.0 INVIDIA,CONTENTIO, BLASPHEMIAE, SVS

188.0 1001.0 778.0 56.0 HICIONES MALAE, IMPROBAE EXERCI TA¬

193.0 1045.0 776.0 63.0 TIONES. Ab effectis deſcribit ſchiſmaticam

188.0 1091.0 781.0 65.0 doctrinam, quorũ turpitudine deterret nos à

186.0 1139.0 781.0 67.0 ſchiſinatis ſtudio. Effecta turpia & pernicioſa

186.0 1190.0 783.0 63.0 non poſſunt non ab impia deduci cauſa, huc

184.0 1240.0 779.0 63.0 referuntur effecta pernicioſa ſchiſmatis ergo

186.0 1291.0 762.0 62.0 ipſum ſchiſma pernicioſum eſſe oportet.

197.0 1338.0 755.0 63.0 φθόνος eſt rei bonæ, hoc eſt, mali dũ bonos

188.0 1389.0 761.0 62.0 virtutibus pellere vidẽt, inuident, non quòd

186.0 1437.0 767.0 69.0 tales eſle vellent, ſed quòd ipſis ſimiles in

187.0 1493.0 439.0 85.0 malitia omnes non ſint.

869.0 1534.0 87.0 68.0 Ἔριν,
