1051 1759
332 56 465 58 COMMENTARII

176.0 68.0 52.0 51.0 92

175 108 799 63 doctrina, hinc ἀπόβλητον : igitur cauenda eſt

173 159 801 64 hæc doctrina, & ſequenda prima illa Dei cõ¬

173.0 211.0 799.0 59.0 ceſsio. Addit tamen limitationem, quæ priùs

175.0 260.0 796.0 62.0 iam fuit etiam expreſſa, SI CVM GRA¬

182.0 311.0 784.0 55.0 TIARVM ACTIONE SVMATVR.

174.0 354.0 788.0 64.0 hoc eſt, piis ſalubres ſunt cibi & à Deo con¬

175.0 406.0 786.0 61.0 diti ſunt. Et Euchariſtia hîc etiam ſit oratio,

176.0 456.0 760.0 65.0 qua conſecratur menſa ante & poſt cibum.

241.0 529.0 478.0 66.0 5 Sanctificatur enim, &c.

214.0 594.0 761.0 64.0 Αἰτιολογία eſt ſuperioris regulæ, cur ſanctis

173.0 647.0 800.0 60.0 omnia pura ſint: quia cibus conſecratur eis

176.0 693.0 795.0 63.0 verbo Dei, & precibus. Duo ſunt modi con¬

175.0 746.0 798.0 56.0 ſecrationis legitimæ, verbum Dei, & oratio.

177.0 794.0 794.0 63.0 Λόγος θεοῦ eſt verbum ſcriptum, videtur e¬

175.0 845.0 798.0 62.0 nim ad morem reſpicere piis cõſuetum, quo

177.0 892.0 795.0 63.0 ad menſam recitare ſolebat locus ſcripturæ,

177.0 940.0 795.0 63.0 Pſalmi aliqui aut ſimile: quæ lectio vel reci¬

176.0 990.0 800.0 60.0 tatio formam habet conſecrationis. vel λόγος

175.0 1034.0 804.0 66.0 ſit τὸ ῤητὸν, quaſi dicat, Dei pronunciatum eſt

175.0 1085.0 804.0 59.0 licitos eſſe omnes cibos. Deus dixit, Quod

178.0 1134.0 799.0 60.0 Deus ſanctificauit, homo ne impurum dicat.

269.0 1180.0 707.0 60.0 Alter modus eſt ἐντεύξις, hoc eſt, pre¬

176.0 1234.0 800.0 54.0 ces conceptis verbis recitatæ ad & poſt ci¬

175.0 1284.0 799.0 57.0 bum : quales preces recitari ſolent ad pio¬

176.0 1337.0 789.0 52.0 rum conuiuia pro depulſione omnis noxæ,

176.0 1381.0 794.0 59.0 quæ nobis debebatur ob peccatum in rebus

178.0 1428.0 792.0 74.0 per ſe ad vitam ſalutaribus. Hæ preces igitur

176.0 1482.0 410.0 80.0 conſecrant nobis cibos.

777.0 1531.0 188.0 84.0 Damnan¬
