1093 1777
234.0 98.0 41.0 44.0 84

448 89 388 52 COMMENTARII

291.0 149.0 731.0 58.0 Verſ.1. Spiritus autem manifeſtè dicit,

228.0 197.0 798.0 72.0 quòd in posterioribus temporibus deſciſcẽt

228.0 249.0 334.0 76.0 quidam à fide.

283.0 323.0 737.0 62.0 Trãſitio ad quartum locum huius epiſto¬

229.0 373.0 788.0 61.0 læ, quem locum ſimplici narratione propo¬

228.0 422.0 788.0 61.0 nit, quemadmodum de hoc admonitus fue¬

228.0 470.0 797.0 59.0 rat diuinitus. Ideo diximus oraculum eſſe de

228.0 517.0 802.0 62.0 futuro ſtatu Eccleſiæ poſt Apoſtoli mor¬

229.0 569.0 803.0 59.0 tem. Ideo primùm hîc conſideretur quis il¬

230.0 619.0 802.0 61.0 lius oraculi ſit author, Spiritus ſcil. Sanctus.

228.0 667.0 800.0 63.0 dicit enim, Spiritus expreſsè dicit, hoc eſt,

230.0 720.0 803.0 55.0 Spiritus Sanctus autor eſt admonitionis il¬

229.0 767.0 803.0 60.0 lius, ad Eccleſiæ vtilitatem, vt pii ſciant

229.0 817.0 723.0 59.0 quæ doctrina cauenda, aut ſequenda ſit.

271.0 865.0 756.0 62.0 Ac alludit ad Propheticum morem, qui¬

228.0 916.0 796.0 62.0 bus hoc erat frequens, Dominus loquitur,

229.0 967.0 800.0 59.0 Deus dicit, Spiritus Domini loquutus eſt,

228.0 1013.0 799.0 63.0 & ſimilia, quo ſignificabant ſe non authores,

229.0 1065.0 801.0 56.0 ſed organa tantùm eſſe:ſic Apoſtolus autho¬

227.0 1115.0 802.0 56.0 titatem præmonitioni conciliat, dum non

229.0 1158.0 799.0 64.0 ſe, ſed Dei ſpiritum authorem inducit. Sic2.

231.0 1206.0 800.0 66.0 Pet.I. dicitur non voluntate hominum, ſed

230.0 1255.0 798.0 68.0 Dei Spiritu impulſos, locutos fuiſſe ſanctos

239 1303 255 62 Dei homines.

264.0 1355.0 757.0 68.0 Deinde addit, quòd hoc loquatur ῥητῶς,

226.0 1405.0 803.0 62.0 hoc eſt, expreſse, quaſi dicat, ſine amba¬

230.0 1454.0 804.0 69.0 gibus, ſed nuda & perſpicua oratione: per¬

225.0 1510.0 805.0 70.0 ſpicuitas igitur eſt teſtimonium veritatis,

944 1566 92 64 cùm
