1073 1748
131 55 625 67 IN I. EPIST. AD TIMOTH.

816 83 52 43 147

119 130 751 53 Occurrit Apoſtolus ſeruili impatientiæ,

71 155 802 77 ac eripit ei firmamentum defenſionis ſuæ.

73.0 204.0 799.0 75.0 Primùm igitur hîc obſeruetur ſuperiora pro

75.0 255.0 792.0 74.0 priè loqui de obedientia, quam debemus e¬

70.0 304.0 799.0 73.0 tiam infidelibus dominis: alioquin præoccu¬

69.0 355.0 800.0 68.0 patio hæc non commodè haberet locum.

71 403 797 74 Valebat igitur argumentum à maiori, ſi enim

71.0 456.0 795.0 69.0 etiam impiis eſt par endum, ergo multò ma¬

70.0 501.0 799.0 73.0 gis fidelibus dominis. Verùm Apoſtolus reſ¬

69.0 553.0 796.0 70.0 pexit hîc ad defenſionis firmamentum: im¬

68.0 607.0 797.0 64.0 patientes enim ſeruitutis dicebãt: Ecce Chri¬

66.0 651.0 797.0 66.0 ſtianus ſum factus, & herus meus quoque: cur

69.0 703.0 791.0 68.0 ioitur me non manumittit? ſum illius frater,

69.0 750.0 793.0 70.0 & in Chriſto, neque liber neque ſeruus de¬

66.0 800.0 795.0 70.0 bet eſſe, ſed noua creatura: id non perpen¬

61.0 850.0 800.0 67.0 dit herus meus, volo igitur ipſe ſumere quod

58.0 899.0 804.0 65.0 ingratus herus Chriſto non vult dare: ſic ſerui

59.0 946.0 800.0 67.0 videntur fraternitatis Chriſtianæ nomẽ arri

56.0 998.0 801.0 66.0 puiſſe ad prætextum rebellionis. Quo doce¬

52.0 1048.0 803.0 60.0 mur apud hy pocritas, honoris & ſortis Chri¬

52.0 1096.0 800.0 68.0 ſtianæ æ qualitatẽ contemptũ parere: & quia

52.0 1143.0 799.0 66.0 in fide eſt honoris quædam æquatio omniũ

55.0 1193.0 793.0 65.0 fidelium, in Baptiſmo verò ſortis, ideo mox

52.0 1246.0 792.0 65.0 prorumpunt in has cogitationes, quas hîc da¬

54.0 1311.0 458.0 43.0 mnat in ſeruis Apoſtolus.

80.0 1340.0 767.0 68.0 Propoſitio eſt, fideles heri non contẽnendi

39.0 1390.0 808.0 67.0 ſunt ſeruis ſuis, h. e. fideliter etiã his eſt ſeruiẽ

38.0 1441.0 809.0 70.0 dũ nõ minus quàm planè impiis, qui cõuerſi

36.0 1491.0 813.0 65.0 nondum ſunt. Firmamentũ ipſorũ ſeruorum

37.0 1539.0 808.0 72.0 eratifratres ſunt, ergo fraternè nos debebant

595.0 1593.0 109.0 66.0 K 2
