1074 1776
211 66 58 52 104

388 60 460 64 COMMENTARII

208.0 113.0 804.0 72.0 eſt, hos ſeriò curat ipſorum bono fine, cùm

205.0 158.0 805.0 75.0 malis externa beneficia cedant ad damnatio¬

204.0 209.0 804.0 77.0 nem. Oratio argumentatur à toto ad præci¬

205.0 262.0 799.0 71.0 puam totius partem, quemadmodum Pſal.

204.0 306.0 793.0 72.0 135. dicitur, Dat eſcam omni carni. & Pſal.111.

202.0 353.0 791.0 75.0 Eſcam dedit timentibus ipſum, hoc eſt, dum

200.0 406.0 790.0 71.0 omnia animalia prouida ſua cura alit, impri¬

199.0 455.0 796.0 70.0 mis tamen hac ſua prouidentia complectitur

198.0 502.0 800.0 76.0 electos. Sic Chriſtus argumẽtatur à parte ad

199.0 558.0 797.0 68.0 partẽ. Si curæ ſunt ei aues, quantò magis nos:

195.0 603.0 801.0 71.0 ſi curat pilos veſtri capitis, quanto magis ani¬

194.0 654.0 800.0 72.0 mas noſtras? ſimile eſt hoc, niſi quòd à toto

193.0 703.0 675.0 70.0 ducitur ad præcipuam totius partem.

244.0 763.0 565.0 67.0 11 Annuntia hæc & doce, &c.

288.0 818.0 694.0 68.0 Illatio eſt totius loci, denuntiare refero

186.0 860.0 794.0 83.0 ad errores reprehendendos in hac quæſtione

184 916 794 74 de exercitiis corporalibus, de quibus debet

182 960 732 76 auditores diligenter & vigilanter monere

217.0 1012.0 758.0 75.0 Docereverò ad ipſam ευσέβειαν, hoc eſt, ve¬

179 1053 724 82 rum Dei cultum, qui in his ſequendus eſt

231 1138 601 65 I2 Nemo tuam iuuentutem, &c.

269.0 1185.0 702.0 74.0 Tertia pars capitis huius de dotibus bo¬

169.0 1232.0 798.0 76.0 ui miniſtri quæ etiam ætatem iuuenilem ex¬

166.0 1275.0 801.0 80.0 cuſant: ſolent enim homines interdum ma¬

164.0 1328.0 797.0 76.0 teriam contemnendi doctrinam petere ab

164.0 1378.0 794.0 76.0 ætate docentis, contra quos hîc diſſerit A¬

169.0 1427.0 787.0 79.0 poſtolus. Et exempla declarant Deum in ſuis

161.0 1479.0 796.0 87.0 donis non excludere iuuentutem quin ei det

803.0 1544.0 163.0 72.0 illuſtria
