1089 1756
238.0 55.0 37.0 44.0 76

400 46 460 62 COMMENTARII

223 102 802 70 habet, auferetur etiam id quod habet. Dili¬

226.0 153.0 798.0 68.0 gentes igitur habent quò ſperent donorum

224.0 197.0 799.0 71.0 auctionem. Deinde bonus gradus eſt apud

223 247 792 68 Eccleſiam cui ſeruit, illa enim commenda¬

224.0 293.0 784.0 72.0 bit virtutem hominis, laudabit modeſtiam,

230.0 345.0 778.0 70.0 gloria igitur & publica authoritas quaſi

228.0 396.0 783.0 66.0 præ mium virtutis bonus erit gradus. Ter¬

223.0 441.0 795.0 71.0 tiò, apud ſemetipſum, nam conſcientia libe¬

222.0 493.0 799.0 69.0 ra erit, & intrepidè verſabitur in miniſte¬

222 540 799 70 rio ſuo cùm nullius ſceleris ſibi ſit conſcius.

229.0 590.0 787.0 70.0 Quartò, gradus hic firmiſsimus eſt ad vi¬

221.0 638.0 799.0 75.0 tam æternam, diligenter vocationi ſuæ

222 686 799 74 adeſſe, &c. Addit alterum argumentum, &

220.0 738.0 792.0 69.0 multam libertatem, hoc eſt, ſi fuerit aſsi¬

220 787 796 72 duus in officio, valebit etiam libertate docen

221.0 836.0 793.0 73.0 di, quaſi dicat, ſi ſuis fuerit ornatus virtu¬

220.0 888.0 794.0 70.0 tibus, contraria vitia intrepidè carpet, vt e¬

218.0 935.0 798.0 74.0 brietatem, ſcortationem, otium, & ſimiles

218.0 984.0 799.0 71.0 peſtes: fieri enim non poteſt vt commodè e¬

212.0 1034.0 803.0 72.0 brios corrrigat miniſter qui & ipſe vinoſus

210.0 1082.0 805.0 73.0 eſt: ſic ſcortator non poteſt bona conſcien¬

218.0 1131.0 790.0 74.0 tia contra ſcortatores agere, idem fit in aliis,

213.0 1181.0 798.0 72.0 vt igitur miniſtro ſua maneat ſalua παῤῥησία

212.0 1227.0 796.0 77.0 dabit operam vt in officio quàm diligentiſ¬

213 1268 176 59 ſimus ſit.

273 1321 458 79 14 Hæc tibi ſcribo, &c.

282.0 1380.0 716.0 75.0 Sexto loco ſequitur epilogus: docet au¬

212.0 1436.0 793.0 66.0 tem cur ſcripſerit de his rebus breuiùs: dein¬

211.0 1480.0 793.0 81.0 de cur etiã ſimpliciter ſcribat. nã videtur du¬

916.0 1547.0 93.0 70.0 plex
