1057 1748
199 76 73 46 102

359 67 470 51 COMMENTARII

195.0 118.0 797.0 59.0 cap.1.ver.15. & initio cap.3.& ver.16, cap.3.ta¬

194.0 167.0 800.0 61.0 le hoc quoque eſt, quod in diſciplina corpo¬

194.0 214.0 799.0 60.0 rali ſola vera Deum colẽdi ratio ſit ſequẽda,

197.0 266.0 796.0 54.0 quã vocauit εὔσέβειαν: & reuera ext ra contro¬

197.0 311.0 794.0 61.0 uerſiã hoc debebat apud Chriſtianos eſſe, pla

194.0 363.0 791.0 59.0 nè apud omnes ὁμολογούμενον, & ἀναμφισβητη¬

201.0 413.0 783.0 58.0 τὸν: ſed quis hîc non ſcrupulos mouet? quis

195.0 462.0 680.0 57.0 non bonam intentionem præfert? & c.

253 518 556 50 10 In hoc enim laboramus, &c

314.0 563.0 681.0 55.0 Pergit in cõfirmatione ſua, addens ſu¬

202.0 613.0 790.0 59.0 perioribus ſuum exemplũ, ac aliorum fideliũ,

199 667 795 58 qui pro vera pietate ſola aduerſa quíque fe¬

195.0 713.0 798.0 59.0 rebant, non autem pro diſciplina corporis, vt

196.0 763.0 797.0 60.0 exempli cauſa pro ieiuniis, vigiliis, precib.cõ¬

196.0 810.0 794.0 62.0 ceptis, non ferunt ſuas perſecutiones, ſed pro

197.0 861.0 791.0 53.0 vera colendi Deum ratione, hoc eſt, cultu ve¬

195.0 910.0 796.0 59.0 ro vnius Dei: ergo hic cultus ſolus reſpici

195.0 960.0 794.0 57.0 debet. Talis non erat hypocritarum cõditio,

192.0 1008.0 799.0 59.0 nihil illi pro vera pietate, ſed omnia mouebãt

198.0 1057.0 791.0 59.0 pro ceremoniis, pro ieiuniis, pro diſcriminib.

193.0 1109.0 795.0 53.0 ciborum & temporum, pro circunciſione, pro

193.0 1153.0 795.0 59.0 lotionibus, & ſimilibus nugis anilibus diſcep¬

193.0 1201.0 795.0 62.0 tabant in religione Chriſtiana: qualia hodie

191.0 1256.0 795.0 55.0 ſunt ferme omnia certamina proPurgatorio,

189.0 1301.0 797.0 60.0 ieiunio, cereis imaginib. vigiliis, interceſsione

188.0 1368.0 689.0 41.0 ſanctorum, cucullis, vita monaſtica, & c.

236.0 1403.0 744.0 58.0 Obſerua in hoc argumento, quomodo ve¬

188.0 1450.0 796.0 62.0 ri cultores Dei diſtingui poſsint ab hypocri¬

190.0 1502.0 793.0 69.0 tis. Primum, crucis forma multum differunt,

899 1555 90 79 dum
