1098 1756
406 39 460 58 COMMENTARII

227.0 58.0 39.0 43.0 5

223.0 94.0 794.0 57.0 quanquam ad totum hominem referatur

218.0 137.0 803.0 64.0 fortè meliùs, q.d. abeſſe debet ſtudium vin¬

221.0 194.0 798.0 54.0 dictæ, ne contra aduerſarium tuum ores vt

221.0 239.0 797.0 61.0 Deus illum malè perdat, ſed ſanam ei det

220.0 290.0 796.0 59.0 mentem: aut abſit ira quæ indignatur Deo

224.0 339.0 784.0 56.0 per impatientiam: nam ſolent homines fra¬

221.0 386.0 786.0 59.0 cti mora Deo iraſci quòd non liberet quãdo

222.0 436.0 792.0 59.0 ipſis videtur. Vtrunque vitium abeſſe debet

222.0 485.0 796.0 61.0 à pia oratione. Tertiò, abſit etiam diſcepta¬

225.0 535.0 795.0 57.0 tio, hoc eſt, dubitatio, quæ promiſsionibus

224.0 588.0 794.0 54.0 Dei detrahit, & incipit diſceptare in vtram¬

225.0 634.0 795.0 70.0 que partem, vt oſtendit Apoſtolus Rom.2.

227.0 693.0 129.0 61.0 ver.15.

281 737 544 64 9 Similiter & mulieres, &c.

271.0 788.0 744.0 59.0 Alter locus huius capitis de decoro à mu¬

221.0 835.0 793.0 66.0 lieribus ſeruando in publicis cœtibus. Ac¬

219.0 887.0 787.0 61.0 commodat autem quæſtionem ad duo. Pri¬

218.0 936.0 793.0 65.0 mùm, quales debeant eſſe in precibus. Dein¬

231 986 493 66 de, in reliqua converſatione.

271.0 1034.0 741.0 58.0 De precibus ait, Mulieres ſimiliter debe¬

217.0 1085.0 795.0 60.0 re orare: ſic enim accipio illa, VOLO EAS

222.0 1134.0 792.0 57.0 SIMILITER ORARE: æquantur viris ſtudio &

214.0 1182.0 800.0 56.0 ardore orandi, vt conditionibus illis omni¬

216.0 1231.0 790.0 56.0 bus viris pares eſſe debeant. Singularia au¬

216.0 1277.0 788.0 62.0 tem ſunt, quæ afferre debent de ſuo decoro,

213.0 1328.0 791.0 61.0 modeſtia in veſtitu, & modeſtia in diſcendo:

214.0 1379.0 787.0 58.0 duo enim hic taxat vitia in muliebri ſexu.

213.0 1430.0 788.0 57.0 Superbiam in habitu, natura enim mulier

214.0 1477.0 791.0 70.0 eſt animal φιλόκοσμον. Deinde ſtudium do¬

833.0 1530.0 171.0 65.0 minandi
