1074 1750
219.0 47.0 48.0 54.0 28

403.0 40.0 456.0 55.0 COMMENTARII

214.0 96.0 805.0 56.0 lapſum: ſed abſolutiſsimum in humana na¬

214.0 145.0 806.0 56.0 tura habemus exemplum, filium Dei homi¬

213.0 195.0 806.0 56.0 nem Ieſum Chriſtum. Secundi ordinis ſunt

212.0 243.0 804.0 58.0 hypocritæ, opinione iuſti, de quibus dixit

212.0 293.0 801.0 59.0 Chriſtus Marc.2. Non veni vocare iuſtos, ſci¬

211.0 339.0 792.0 59.0 licet ſua opinione, cùm tales minimè ſint na¬

212.0 389.0 794.0 52.0 tura. Tertii ordinis ſunt imputatione iuſti, de

210.0 439.0 797.0 57.0 quibus hîc loquitur, his Lex non eſt poſita,

212.0 488.0 781.0 54.0 cùm in Chriſto finem Legis conſecuti ſint.

257.0 536.0 758.0 59.0 Deinde ſequitur in hoc verſu θέσις, quibus

207.0 584.0 808.0 61.0 ſcilicet Lex poſita ſit, hoc eſt, in quos & con¬

209.0 636.0 810.0 59.0 tra quos eius vſus imprimis valeat. Conſtat

206.0 686.0 802.0 56.0 locus enumeratione. Ἄνομοι ſunt exleges,

208.0 734.0 801.0 60.0 qui aliis præſcribunt quod ipſi minimè præ¬

207.0 786.0 801.0 55.0 ſtant: vt in imperiis tyranni ſolent, & in Ec¬

206.0 831.0 799.0 57.0 cleſia Chriſti Pontifex exlex eſſe vult ma¬

214.0 877.0 788.0 60.0 nifeſto argumento tyrannidis Eccleſiaſticæ.

254.0 931.0 752.0 60.0 Ἀνυποτακτοὶ, qui iugum ferre neſciunt, nul¬

204.0 983.0 805.0 57.0 lius imperio aſſueti, contumaces ad omnem

210.0 1025.0 223.0 61.0 diſciplinam.

255.0 1074.0 757.0 64.0 Ἀσεβεῖς, impii, irreligioſi. Religio ſtudium

204.0 1125.0 805.0 63.0 & ſolicita cura eſt ſeſe approbandi Deo. Ab

214.0 1166.0 395.0 60.0 hac curà illi alieni ſunt.

250.0 1220.0 760.0 66.0 Ἁμαρτωλοὶ, notorii ſunt peccatores, quorũ

201.0 1273.0 805.0 60.0 ſpecies quaſdam mox referet, quales erant

202.0 1321.0 798.0 62.0 Publicani, & alii Chriſti conuictores, quos

201.0 1369.0 797.0 62.0 Phariſæi ei loco probri obiiciunt. Ἀνόσιοι, im¬

203.0 1420.0 801.0 64.0 pii, qui ſtudium honeſtæ vitæ negligunt quo

200.0 1470.0 808.0 68.0 Deo inſeruiant. Βέβηλοι, prophani, impuri:

899.0 1526.0 108.0 55.0 Bήλος
