1073 1752
118 55 633 51 IN I. EPIST. AD TIMOTH.

815 78 32 40 49

54.0 108.0 796.0 64.0 eſſe conditionem, ſecundum quam prorſus

55.0 158.0 795.0 60.0 nemini ſalutem negat Deus, ea omnino ne¬

57.0 204.0 793.0 62.0 ceſſaria eſt ſubintelligenda. Quarto, non

57.0 255.0 793.0 62.0 ſolùm omnes vult ſaluari ſimpliciter, ſed in

54.0 306.0 795.0 61.0 hac vita quoque omnes vult peruenire ad co

58.0 357.0 793.0 58.0 gnitionem veritatis. Veritas Chriſtus eſt, i¬

57.0 404.0 794.0 63.0 pſo dicente, Ego ſum via & veritas. Itaque

58.0 455.0 791.0 57.0 ad Chriſti cognitionem omnes vult perue

63.0 505.0 785.0 52.0 nre:in hac latet etiam verus Dei cultus, ve¬

60.0 552.0 791.0 60.0 ra adorat io, ſui cognitio, peccati, beneficio¬

60.0 602.0 791.0 59.0 rum Chriſti, & ratio vera ſalutis. Hæc tanta

66.0 649.0 787.0 64.0 bona Deus omnibus offert ſine inuidia aut

72.0 702.0 780.0 60.0 perſonarum reſpectu: quod vero non omnes

67.0 748.0 784.0 66.0 ea bona amplectuntur, non Dei offerentis,

77 795 564 64 ſed hominum eſt repudiantium.

103.0 848.0 742.0 61.0 Quintò, VNVS TANTVM EST DEVS, ſcili¬

61.0 900.0 790.0 56.0 cet omnium nationum & hominum: ergo

59.0 947.0 789.0 56.0 pro omnibus ad vnum Deum eſt orandum.

63.0 998.0 789.0 61.0 Videtur reſpicere Apoſtolus ad Iudæorum

57.0 1050.0 794.0 60.0 falſam perſuaſionem cupientium Gentes

57.0 1100.0 793.0 60.0 excludere à Dei gratia: ſic Rom.3.inquit,

60.0 1149.0 799.0 59.0 Num Iudæorum ſaltem Deus eſt, an non &

65.0 1198.0 784.0 60.0 Gentium? vtique & Gentium, igitur ſalus

59.0 1247.0 789.0 59.0 Gentium Deo quoque curæ eſt, & ideo pro

50.0 1292.0 729.0 65.0 his infidelibus adhuc ſeriò eſt orandum.

97.0 1347.0 747.0 59.0 Sexto, VNVS ETIAM SOLVM EST

53.0 1396.0 784.0 59.0 MEDIATOR : ergo ab hoc non ſunt ar

53.0 1444.0 798.0 60.0 cendæ Gentes. Vt enim vnus tantùm eſt

55.0 1493.0 794.0 70.0 Deus omnium hominum: ex quo efficitur

627.0 1539.0 30.0 66.0 D
