1083 1744
172 46 663 55 IN I. EPIST. AD TIMOTH.

872 61 35 48 75

96.0 97.0 815.0 59.0 quiritur, hoc eſt, grauitas pietati congruens:

98.0 145.0 809.0 59.0 eſt enim in quolibet officio ſua quædam gra¬

98.0 195.0 812.0 58.0 uitas qua ornatur muneris profeſsio. Hinc

97.0 246.0 761.0 58.0 σέμενια dicuntur collegia pietati deputata.

126.0 292.0 781.0 59.0 2. non bilingues. δίλογοι dicuntur qui a¬

94.0 337.0 815.0 61.0 liud ſtantes, aliud ſedentes loquuntur, ſibi

96.0 389.0 812.0 60.0 pugnantia afferunt, incerta, & ob id ſæpe fal¬

94.0 436.0 815.0 66.0 ſa. Quia igitur diaconus epiſcopi eſt quaſi o¬

101.0 490.0 808.0 59.0 culus & auris, merito vult non bilingues:nam

105.0 537.0 802.0 61.0 deferebant populi peccata & errores ad epi¬

106.0 589.0 801.0 59.0 ſcopum, hinc epiſcopus multa carpebat in

112.0 636.0 796.0 62.0 populo ſæpe ex diaconi ore, in qua re pru¬

110.0 687.0 799.0 60.0 dentem oportet eſſe. Admonemur illo in de¬

109.0 736.0 799.0 61.0 ferendo cautos eſſe oportere & non niſi vera

108.0 784.0 799.0 62.0 deferre ne odio & inuidia fratrum errores

105.0 834.0 804.0 60.0 nimium augeamus. Hinc delatoris nomen

95.0 880.0 812.0 68.0 omnibus nationibus odioſum & inuiſum red¬

100.0 952.0 214.0 39.0 ditum eſt.

141.0 976.0 763.0 67.0 Similiter miniſtri diſcant ne facilè hu¬

102.0 1027.0 806.0 63.0 iuſmodi delatoribus credant, nec ſtatim tra¬

106.0 1077.0 801.0 65.0 ducãt niſi re priùs probè comperta. 3. NON

108.0 1128.0 799.0 62.0 DEDITOS VINO, idem in epiſcopo

104.0 1174.0 804.0 64.0 damnauit, quem voluit eſſe πάροινον, quaſi

110.0 1223.0 796.0 64.0 vino aſsidentem ſemper: ſic diaconus non

107.0 1273.0 798.0 62.0 debet προσέχειν, hoc eſt, non de bet attende¬

103.0 1326.0 803.0 54.0 re, & inhiare vino, ne vino corrumpatur, e¬

102.0 1369.0 806.0 63.0 tiam in deferendo aliorum peccata, alioquin

105.0 1420.0 800.0 63.0 vinum per ſe non damnat, ſed πόλλον, hoc

105.0 1468.0 616.0 76.0 eſt, copiam, & προσέχειν, ſtudium.

652.0 1513.0 88.0 72.0 E 4
