1077 1741
150 33 613 59 IN I. EPIST. AD TIMOTH

822 49 48 54 139

69 87 803 65 ne reus fias corrupti miniſterii. Cogitẽt hoc

75 129 792 68 diligenter quibus electiones ſunt conceſſæ,

76 182 792 65 ne alie no peccato ſeſe maculent, dum eligũt,

78.0 233.0 789.0 56.0 admittunt, & confirmant ebrios, ſcortato¬

77.0 282.0 791.0 63.0 res, rudes & imperitos aſinos, qui populum

76.0 330.0 792.0 65.0 pietatẽ vel non docẽt, vel malè, aut peſsimo

73.0 379.0 797.0 63.0 exemplo doctrinã bonã cõmaculant: quorum

78 426 753 68 vocationem Deus nulla ratione approbat.

120.0 478.0 748.0 56.0 Altera eſt, TEIPSVM CASTVM RETINE,

76.0 525.0 794.0 65.0 hoc eſt, ſi prouidus fueris vt præcipio, hunc

75.0 576.0 794.0 55.0 theſaurum retinebis, vt maneas coram Do¬

73.0 630.0 795.0 55.0 mino iudice ἅγιος, hoc eſt, innocẽs, qui maxi¬

78.0 677.0 789.0 67.0 mus eſt theſaurus, & omni laude & præmie

87 718 320 71 humano ſuperior.

136 784 604 53 23 Ne ampliùs aquam bibas, &c.

120.0 831.0 747.0 60.0 Sextus locus ſequitur qui perſonale habet

75.0 881.0 790.0 60.0 præceptum: ſpectat enim ad perſonam Ti¬

68.0 929.0 799.0 58.0 mothei, ſed ita vt facilè hinc conſtitui regula

68.0 978.0 800.0 62.0 generalis poſsit. Sit igitur hæc propoſitio hu

68.0 1029.0 798.0 61.0 ius loci, Timotheo & ob id omni pio mini¬

68.0 1082.0 798.0 56.0 ſtro ieiunium, aquæ potio, & omnis carnis

72.0 1128.0 795.0 59.0 caſtigatio ſic temperanda eſt, vt valido cor¬

75.0 1174.0 789.0 62.0 pore quàm diutiſsimè Chriſti Eccleſiæ pro¬

75.0 1224.0 791.0 62.0 deſſe poſsint. Ratio eſt, quia Apoſtolus hoc fi

72.0 1275.0 792.0 60.0 ne aquæ potionem hîc interdicit Timotheo,

67.0 1326.0 799.0 56.0 & contrà præcipit moderatum vini vſum.

64.0 1373.0 802.0 60.0 Aquæ potio minus in noſtris miniſtris habet

65.0 1422.0 799.0 61.0 periculi, quia ſaluberrima quum ſit noſtræ

65.0 1472.0 800.0 91.0 regioms aqua, tamen cautè illa vtuntur,
