1069 1734
124 31 636 55 IN I. EPIST. AD. TIMOTH.

820 23 50 69 119

59 79 804 64 bus iunioribus miniſtris curãdum eſt vt pru¬

64 123 638 67 denter & leniter ſeniores caſtigent.

103.0 180.0 482.0 60.0 Iuniores verò vt fratres,

130 228 727 65 Et hîc tenenda eſt prudentia & leni¬

71.0 280.0 790.0 61.0 tas: prudentiæ eſt ætati ſeſe poſſe accom¬

67.0 330.0 796.0 62.0 modare, lenitas fraternitatis vinculum reti¬

67.0 379.0 792.0 64.0 nere. Matt.23. Chriſtus nos omnes fratres eſ¬

79.0 427.0 152.0 67.0 ſe dicit.

127 479 632 64 2 Mulieres natu grandiores, &c.

112.0 530.0 747.0 62.0 Tranſit ad ſexus diſcrimen: ac ponit ite¬

67.0 580.0 794.0 61.0 rum duo præcepta: matronæ peccantes cor¬

71.0 629.0 787.0 59.0 ripiendæ ſunt vt matres, iuniores vt ſorores

74.0 678.0 786.0 60.0 in omni caſtitate: ergo debet adeſſe ἐπίπληξις,

70.0 727.0 786.0 61.0 adhibenda autem eſt παράκλησις: hæc mini¬

65.0 775.0 796.0 61.0 ſtris curanda ſunt. Nos qui de numero au¬

63.0 825.0 796.0 60.0 ditorum ſumus, diſcamus omnes nos opus

61.0 875.0 798.0 60.0 habere correptione, quia omnes peccatores

62.0 924.0 798.0 59.0 ſumus, ratio eſt in verbis Apoſtoli, QVIA

64.0 972.0 796.0 62.0 SENES OPVS HABENT CORREP¬

65.0 1025.0 791.0 56.0 TIONE, IVVENES OPVS HABENT

62.0 1072.0 797.0 56.0 EADEM, MATRONAE ET IVVENCVLAE, quæ

63.0 1118.0 798.0 60.0 plena eſt enumeratio. Quòd ſi qui reprehẽdi

67.0 1170.0 791.0 57.0 nolint, caueãt ne ei materiã præbeãt: miniſter

64.0 1218.0 794.0 58.0 verò ſi hãc moderationem nõ ſeruet, ipſe vi¬

54.0 1266.0 804.0 59.0 derit:omnia debent ad ædificationem facere

51.0 1315.0 805.0 63.0 quæ euentu ipſo prodit, quàm ſtudioſi ſint

50.0 1368.0 607.0 56.0 omnes moderationis & lenitatis.

120 1408 624 76 3 Viduas honora quæ verè, &c.

108 1470 746 68 Secũdus locus de cura viduarũ. Propoſitio

614.0 1521.0 108.0 65.0 H 4
