1044 1735
121.0 56.0 651.0 56.0 IN I. EPIST. AD TIMOTH.

812.0 49.0 29.0 66.0 39

46.0 107.0 804.0 56.0 contra omnes corruptelas. Hoc illi tradit

49.0 155.0 797.0 59.0 quaſi depoſitum: in eo igitur debet eſſe vigi¬

50.0 201.0 794.0 61.0 lans & fidelis. Rationes igitur ſunt Propo¬

48.0 250.0 798.0 63.0 ſitionis: Quia ſana doctrina depoſitum eſt

49.0 301.0 799.0 59.0 Apoſtolicum, hoc eſt, diuinitus traditum &

49.0 353.0 798.0 57.0 mandatum, vt purum ad poſteritatem tranſ¬

52.0 400.0 795.0 61.0 mittatur. Deinde ſpecialis eſt à qualitate vo¬

61.0 449.0 787.0 62.0 cationis, quia non temere, ſed graui iudicio

67.0 501.0 778.0 58.0 magnorum virorum ad hoc vocatus eſt: de¬

72.0 547.0 774.0 65.0 bet igitur operam dare, vt ſpei ſatisfaciat.

71.0 596.0 773.0 63.0 Hoc ſenſu accipio hîc, Prophetias in ipſum

75.0 644.0 769.0 66.0 Timotheum deducentes. Prophetia iudi¬

72.0 695.0 772.0 63.0 cium eſt piorum virorum prædicentium eum

65.0 737.0 660.0 74.0 fore cuſtodem fidelem ſanæ doctrinæ.

99.0 795.0 744.0 59.0 Si quæras vbi fint talia iudicia, profero ti¬

62.0 842.0 783.0 60.0 bi ex Act.16. Vbi fratres Iconii & Lyſtris ei

60.0 893.0 783.0 56.0 bonum de derunt teſtimonium: inter hoc in¬

63.0 940.0 782.0 64.0 telligo fuiſſe aliquos Prophetico ſpiritu præ¬

71.0 988.0 774.0 65.0 ditos, qualia ſunt teſtimonia Act.12.& 13. Et

72.0 1039.0 772.0 62.0 eſt Prophetia nõ ſolùm de futuris, ſed de præ¬

71.0 1087.0 773.0 63.0 ſentibus quoque rectè ſtatuere, & in electione

69.0 1137.0 776.0 62.0 miniſtrorũ imprimis valet illa facultas rectè

69.0 1186.0 775.0 62.0 coniiciendi, qui vtiles ſint futuri Eccleſiæ,

68.0 1238.0 775.0 60.0 qui minus: tali iudicio fuit electus Timo¬

58.0 1284.0 786.0 65.0 theus. Tertio, quia functio iſta eſt mili¬

53.0 1336.0 785.0 61.0 tia quædam: igitur vigilantem eſſe oportet.

53.0 1382.0 791.0 61.0 Militiæ titulus de periculis nos admonet:

56.0 1433.0 787.0 63.0 miniſtri milites ſunt anteſignani, & du¬

61.0 1484.0 783.0 70.0 ces auditorum : in qua re maius etiam eſt

623.0 1536.0 26.0 58.0 4

559.0 1557.0 33.0 43.0 C
