<?xml version="1.0" encoding="UTF-8"?>
<alto xmlns:xsi="http://www.w3.org/2001/XMLSchema-instance"
      xmlns="http://www.loc.gov/standards/alto/ns-v4#"
      xsi:schemaLocation="http://www.loc.gov/standards/alto/ns-v4# http://www.loc.gov/standards/alto/v4/alto-4-2.xsd">
  <Description>
    <MeasurementUnit>pixel</MeasurementUnit>
    <sourceImageInformation>
      <fileName>bsb10313792_00090.jpg</fileName>
    </sourceImageInformation>
  </Description>
  <Tags>
    <OtherTag ID="BT7" LABEL="CustomZone" DESCRIPTION="block type CustomZone"/><OtherTag ID="BT8" LABEL="DamageZone" DESCRIPTION="block type DamageZone"/><OtherTag ID="BT9" LABEL="DigitizationArtefactZone" DESCRIPTION="block type DigitizationArtefactZone"/><OtherTag ID="BT10" LABEL="DropCapitalZone" DESCRIPTION="block type DropCapitalZone"/><OtherTag ID="BT11" LABEL="GraphicZone" DESCRIPTION="block type GraphicZone"/><OtherTag ID="BT12" LABEL="MainZone" DESCRIPTION="block type MainZone"/><OtherTag ID="BT13" LABEL="MarginTextZone" DESCRIPTION="block type MarginTextZone"/><OtherTag ID="BT14" LABEL="MusicZone" DESCRIPTION="block type MusicZone"/><OtherTag ID="BT15" LABEL="NumberingZone" DESCRIPTION="block type NumberingZone"/><OtherTag ID="BT17" LABEL="QuireMarksZone" DESCRIPTION="block type QuireMarksZone"/><OtherTag ID="BT18" LABEL="RunningTitleZone" DESCRIPTION="block type RunningTitleZone"/><OtherTag ID="BT19" LABEL="SealZone" DESCRIPTION="block type SealZone"/><OtherTag ID="BT20" LABEL="StampZone" DESCRIPTION="block type StampZone"/><OtherTag ID="BT21" LABEL="TableZone" DESCRIPTION="block type TableZone"/><OtherTag ID="BT22" LABEL="TitlePageZone" DESCRIPTION="block type TitlePageZone"/><OtherTag ID="BT1851" LABEL="MainZone-P" DESCRIPTION="block type MainZone-P"/><OtherTag ID="BT1852" LABEL="MainZone-Head" DESCRIPTION="block type MainZone-Head"/><OtherTag ID="BT1853" LABEL="MainZone-P-Continued" DESCRIPTION="block type MainZone-P-Continued"/><OtherTag ID="BT1854" LABEL="MarginTextZone-ManuscriptAddendum" DESCRIPTION="block type MarginTextZone-ManuscriptAddendum"/><OtherTag ID="BT1855" LABEL="text" DESCRIPTION="block type text"/><OtherTag ID="BT1856" LABEL="MainZone-Entry" DESCRIPTION="block type MainZone-Entry"/><OtherTag ID="BT1857" LABEL="MainZone-Entry-Continued" DESCRIPTION="block type MainZone-Entry-Continued"/><OtherTag ID="BT1877" LABEL="GraphicZone-Decoration" DESCRIPTION="block type GraphicZone-Decoration"/><OtherTag ID="BT1894" LABEL="MainZone-Other" DESCRIPTION="block type MainZone-Other"/>
    <OtherTag ID="LT7" LABEL="CustomLine" DESCRIPTION="line type CustomLine"/><OtherTag ID="LT8" LABEL="DefaultLine" DESCRIPTION="line type DefaultLine"/><OtherTag ID="LT9" LABEL="DropCapitalLine" DESCRIPTION="line type DropCapitalLine"/><OtherTag ID="LT10" LABEL="HeadingLine" DESCRIPTION="line type HeadingLine"/><OtherTag ID="LT11" LABEL="InterlinearLine" DESCRIPTION="line type InterlinearLine"/><OtherTag ID="LT12" LABEL="MusicLine" DESCRIPTION="line type MusicLine"/><OtherTag ID="LT636" LABEL="default" DESCRIPTION="line type default"/>
  </Tags>
  <Layout>
    <Page WIDTH="1097"
          HEIGHT="1745"
          PHYSICAL_IMG_NR="74"
          ID="eSc_dummypage_">
      <PrintSpace HPOS="0"
                  VPOS="0"
                  WIDTH="1097"
                  HEIGHT="1745">
        <TextBlock HPOS="227"
                   VPOS="65"
                   WIDTH="42"
                   HEIGHT="37"
                   ID="eSc_textblock_24d053b3"
                   TAGREFS="BT15">
          <Shape><Polygon POINTS="269 65 269 102 227 102 227 65"/></Shape>
          <TextLine ID="line_1"
                    TAGREFS="LT8"
                    BASELINE="233 92 259 92" 
                    HPOS="226"
                    VPOS="62"
                    WIDTH="32"
                    HEIGHT="54">
            <Shape><Polygon POINTS="241 65 226 62 226 91 226 116 258 113 258 91 258 65 256 65"/></Shape>
	    <String CONTENT="82"
                    HPOS="226"
                    VPOS="62"
                    WIDTH="32"
                    HEIGHT="54"></String>
          </TextLine>
        </TextBlock>
        <TextBlock HPOS="403"
                   VPOS="60"
                   WIDTH="452"
                   HEIGHT="41"
                   ID="eSc_textblock_7aa52d3a"
                   TAGREFS="BT18">
          <Shape><Polygon POINTS="855 60 855 101 403 101 403 60"/></Shape>
          <TextLine ID="line_0"
                    TAGREFS="LT10"
                    BASELINE="403 89 853 89" 
                    HPOS="403"
                    VPOS="52"
                    WIDTH="450"
                    HEIGHT="55">
            <Shape><Polygon POINTS="820 58 810 58 801 58 791 58 781 58 772 58 762 58 752 58 742 58 733 58 723 58 713 58 704 58 694 58 684 58 675 58 665 58 655 58 645 58 636 58 626 58 616 58 607 58 597 58 587 58 578 58 568 58 558 58 548 58 539 58 529 58 519 58 510 58 500 58 490 58 481 58 471 58 461 58 451 58 442 58 432 58 422 58 413 58 403 58 403 89 403 103 520 106 521 106 540 102 553 99 556 102 561 106 562 106 563 106 564 107 588 107 588 106 589 106 604 101 611 99 617 101 631 106 632 106 633 106 634 106 649 101 655 99 667 101 689 104 690 104 708 100 712 99 716 100 731 106 732 106 733 106 734 106 754 100 767 106 768 106 769 106 770 106 791 99 793 99 853 99 853 89 852 52 830 55 830 57"/></Shape>
	    <String CONTENT="COMMENTARII"
                    HPOS="403"
                    VPOS="52"
                    WIDTH="450"
                    HEIGHT="55"
                    WC="0.9997888911854137"></String>
          </TextLine>
        </TextBlock>
        <TextBlock HPOS="220"
                   VPOS="107"
                   WIDTH="746"
                   HEIGHT="50"
                   ID="eSc_textblock_8fe81009"
                   TAGREFS="BT1853">
          <Shape><Polygon POINTS="220 107 220 157 966 157 966 107"/></Shape>
          <TextLine ID="line_2"
                    TAGREFS="LT8"
                    BASELINE="231 147 950 143" 
                    HPOS="230"
                    VPOS="99"
                    WIDTH="720"
                    HEIGHT="68">
            <Shape><Polygon POINTS="231 160 327 167 328 167 381 161 391 160 394 161 408 167 409 167 410 167 442 161 454 159 548 160 549 161 555 166 556 166 557 166 558 166 580 161 585 161 591 161 618 165 619 165 620 165 621 165 625 162 630 158 652 162 674 165 675 166 750 166 750 165 751 165 759 162 771 158 801 158 808 162 810 164 811 164 812 164 813 164 825 162 852 158 948 162 950 143 949 109 924 99 923 99 922 99 921 99 895 108 856 100 855 100 818 108 816 108 813 108 764 101 763 101 762 101 748 108 745 109 732 107 691 102 690 102 658 107 650 108 648 107 637 101 636 101 635 101 634 101 619 106 612 101 611 101 610 101 609 101 608 101 596 107 588 111 553 111 548 106 542 101 541 101 540 101 514 101 513 101 512 101 511 101 505 106 500 110 484 106 471 103 470 103 469 103 460 106 448 110 441 106 435 102 434 102 433 102 432 102 431 102 423 106 417 109 408 106 399 102 398 102 397 102 396 102 395 102 390 105 381 111 363 105 358 104 357 104 356 104 355 104 351 105 327 111 311 111 304 105 301 102 300 102 299 102 298 102 230 104 231 147"/></Shape>
	    <String CONTENT="Vocatio igitur Gentium hypotheſis eſt."
                    HPOS="230"
                    VPOS="99"
                    WIDTH="720"
                    HEIGHT="68"
                    WC="0.9974691036500429"></String>
          </TextLine>
        </TextBlock>
        <TextBlock HPOS="229"
                   VPOS="164"
                   WIDTH="825"
                   HEIGHT="340"
                   ID="eSc_textblock_3778f76a"
                   TAGREFS="BT1851">
          <Shape><Polygon POINTS="1054 164 1051 497 229 504 231 170"/></Shape>
          <TextLine ID="line_3"
                    TAGREFS="LT8"
                    BASELINE="277 195 1023 192" 
                    HPOS="276"
                    VPOS="157"
                    WIDTH="747"
                    HEIGHT="55">
            <Shape><Polygon POINTS="278 210 292 205 306 210 309 211 310 211 311 212 367 212 367 211 368 211 375 209 392 205 412 209 424 211 425 211 426 211 435 209 448 205 472 208 494 211 495 211 518 208 544 204 562 207 573 209 574 209 575 209 576 209 579 207 584 204 640 204 644 206 647 210 648 210 649 210 650 210 711 206 739 204 747 205 773 210 774 210 789 205 796 203 845 204 994 209 995 209 1022 202 1023 192 1021 165 941 165 941 164 925 157 924 157 923 157 922 157 903 163 871 157 808 157 807 157 806 157 796 163 784 163 745 166 695 166 690 163 682 158 681 158 680 158 679 158 678 158 665 163 659 165 654 163 645 158 644 158 643 158 597 162 596 162 594 162 552 158 551 158 550 158 542 162 536 165 529 162 526 161 525 161 524 161 518 162 497 166 485 162 477 158 476 158 434 158 433 158 432 158 431 158 427 161 421 166 276 161 277 195"/></Shape>
	    <String CONTENT="Quintò, CREDITVM EST ILLI IN MVN¬"
                    HPOS="276"
                    VPOS="157"
                    WIDTH="747"
                    HEIGHT="55"
                    WC="0.9758053737528184"></String>
          </TextLine>
          <TextLine ID="line_4"
                    TAGREFS="LT8"
                    BASELINE="227 246 500 242 1028 244" 
                    HPOS="226"
                    VPOS="204"
                    WIDTH="802"
                    HEIGHT="56">
            <Shape><Polygon POINTS="227 246 227 254 646 259 647 259 648 259 649 259 651 257 655 254 662 257 667 259 668 259 669 259 670 259 674 257 680 254 685 257 687 259 688 259 689 259 690 260 774 260 774 259 784 258 812 254 857 258 869 259 870 259 871 259 871 259 871 258 878 254 915 259 922 259 923 259 924 259 926 259 943 254 972 259 975 259 976 259 979 259 1009 254 1025 259 1028 244 1027 216 911 216 880 204 879 204 878 204 877 204 858 214 845 204 844 204 843 204 842 204 808 212 766 204 765 204 734 205 733 205 732 205 723 211 608 204 607 204 543 215 523 204 522 204 458 204 457 204 456 204 428 215 349 215 318 206 317 206 316 206 315 206 314 206 301 216 226 216 227 246"/></Shape>
	    <String CONTENT="Do. Locum habuit Euangelica doctrina in"
                    HPOS="226"
                    VPOS="204"
                    WIDTH="802"
                    HEIGHT="56"
                    WC="0.9970491941158588"></String>
          </TextLine>
          <TextLine ID="line_5"
                    TAGREFS="LT8"
                    BASELINE="226 294 1025 290" 
                    HPOS="225"
                    VPOS="253"
                    WIDTH="800"
                    HEIGHT="62">
            <Shape><Polygon POINTS="226 294 226 305 354 305 355 305 362 310 363 310 364 310 365 310 366 310 377 305 389 314 390 314 391 314 392 315 425 315 425 314 578 304 605 313 606 313 607 313 657 308 766 312 767 312 768 312 769 312 778 304 816 311 817 311 818 311 843 302 870 302 963 311 964 311 965 311 966 311 974 305 1002 307 1003 307 1004 307 1025 300 1025 290 1022 261 929 261 928 261 915 255 914 255 913 255 912 255 897 259 884 253 883 253 882 253 830 258 798 253 797 253 796 253 761 262 758 263 695 263 693 262 677 253 677 253 676 253 651 253 650 253 649 253 648 253 636 262 616 253 615 253 505 253 504 253 503 253 483 262 471 256 470 256 469 256 468 256 451 263 433 263 366 264 362 263 334 254 333 254 332 254 331 254 330 254 319 263 300 259 299 259 266 264 261 264 260 264 246 256 245 256 244 256 243 256 225 262 226 294"/></Shape>
	    <String CONTENT="mundo contra Philoſophorum decreta, con¬"
                    HPOS="225"
                    VPOS="253"
                    WIDTH="800"
                    HEIGHT="62"
                    WC="0.9989113718271255"></String>
          </TextLine>
          <TextLine ID="line_6"
                    TAGREFS="LT8"
                    BASELINE="229 344 564 340 1023 342" 
                    HPOS="228"
                    VPOS="305"
                    WIDTH="795"
                    HEIGHT="56">
            <Shape><Polygon POINTS="229 344 229 352 251 359 252 359 253 359 284 352 288 352 289 353 297 360 298 360 299 360 300 360 335 353 340 352 470 352 473 353 485 360 486 360 487 361 526 361 526 360 527 360 528 360 538 354 546 358 547 358 548 358 548 358 557 353 560 352 568 353 602 360 603 361 835 361 835 360 836 360 837 360 843 354 844 354 846 354 897 360 898 361 924 361 924 360 925 360 926 360 934 354 936 354 966 360 967 360 1022 354 1023 342 1022 314 977 309 976 309 935 314 929 314 927 314 901 305 900 305 839 305 838 305 806 312 727 305 726 305 725 305 709 311 699 306 698 306 697 306 696 306 679 314 678 315 575 315 574 314 561 309 560 309 559 309 558 309 545 314 544 314 543 314 498 305 497 305 496 305 483 312 414 309 413 309 412 309 400 314 384 309 383 309 382 309 381 309 380 309 375 313 363 305 362 305 361 305 360 305 359 305 330 313 300 305 299 305 298 305 297 305 296 305 286 314 228 314 229 344"/></Shape>
	    <String CONTENT="tra Iudæorum furores, contra magiſtratuum"
                    HPOS="228"
                    VPOS="305"
                    WIDTH="795"
                    HEIGHT="56"
                    WC="0.9994350293787514"></String>
          </TextLine>
          <TextLine ID="line_7"
                    TAGREFS="LT8"
                    BASELINE="229 392 1021 387" 
                    HPOS="228"
                    VPOS="349"
                    WIDTH="793"
                    HEIGHT="63">
            <Shape><Polygon POINTS="229 392 229 403 303 409 304 409 305 409 320 403 321 402 490 402 491 402 536 412 537 412 538 412 558 401 561 401 578 401 579 401 591 411 592 411 593 411 594 412 704 412 704 411 781 403 797 410 798 410 799 411 861 411 861 410 862 410 892 402 957 409 958 409 959 409 960 409 967 403 992 407 993 407 994 407 1021 398 1021 387 1019 360 997 360 986 351 985 351 984 351 983 351 982 351 955 359 891 349 890 349 889 349 888 349 871 359 839 350 838 350 838 350 837 350 812 360 787 350 786 350 785 350 784 350 783 350 770 360 707 351 706 351 705 351 684 362 638 362 624 351 623 351 622 351 570 351 569 351 568 351 548 358 531 352 530 352 529 352 528 352 509 363 486 363 470 352 469 352 468 352 417 352 416 352 415 352 414 352 400 362 368 358 367 358 366 358 355 364 228 364 229 392"/></Shape>
	    <String CONTENT="omnium edicta: habebit igitur hoſpitium a¬"
                    HPOS="228"
                    VPOS="349"
                    WIDTH="793"
                    HEIGHT="63"
                    WC="0.9951694877374739"></String>
          </TextLine>
          <TextLine ID="line_8"
                    TAGREFS="LT8"
                    BASELINE="231 442 1021 438" 
                    HPOS="230"
                    VPOS="401"
                    WIDTH="791"
                    HEIGHT="69">
            <Shape><Polygon POINTS="231 442 231 470 298 470 298 469 299 469 303 468 323 462 349 467 359 469 360 469 361 469 368 467 394 458 419 458 433 465 439 468 440 468 441 468 462 465 493 460 509 464 517 466 518 466 519 466 520 466 530 463 554 457 579 462 592 465 593 465 594 465 603 462 614 458 624 462 639 467 640 467 641 468 667 468 667 467 668 467 679 460 682 459 688 460 711 466 779 467 780 467 781 467 816 458 826 455 833 457 849 464 850 464 851 464 852 464 871 456 876 455 966 455 973 460 974 460 975 460 976 460 1021 453 1021 438 1019 411 978 404 977 404 976 404 975 404 966 410 965 410 964 410 934 410 912 401 911 401 871 401 870 401 869 401 868 401 857 408 835 405 834 405 833 405 823 410 821 411 798 410 791 410 781 402 780 402 779 402 778 402 746 410 741 411 709 410 631 406 630 406 600 409 578 412 574 409 565 403 564 403 563 403 562 403 527 409 511 412 488 409 469 407 468 407 442 409 417 411 412 409 400 404 399 404 342 404 341 404 340 404 339 404 332 409 325 413 286 413 280 409 274 404 273 404 272 404 271 404 230 408 231 442"/></Shape>
	    <String CONTENT="liquod ſemper in his terris vſque ad extre¬"
                    HPOS="230"
                    VPOS="401"
                    WIDTH="791"
                    HEIGHT="69"
                    WC="0.9960839443428572"></String>
          </TextLine>
          <TextLine ID="line_9"
                    TAGREFS="LT8"
                    BASELINE="242 492 527 487" 
                    HPOS="240"
                    VPOS="450"
                    WIDTH="286"
                    HEIGHT="67">
            <Shape><Polygon POINTS="241 491 241 506 315 506 320 508 328 516 328 517 330 517 331 517 333 517 334 517 360 510 373 506 382 510 392 516 394 516 395 516 525 511 526 485 522 456 442 459 429 458 388 450 387 450 385 450 362 459 354 462 240 462 241 491"/></Shape>
	    <String CONTENT="mum iudicium."
                    HPOS="240"
                    VPOS="450"
                    WIDTH="286"
                    HEIGHT="67"></String>
          </TextLine>
        </TextBlock>
        <TextBlock HPOS="231"
                   VPOS="518"
                   WIDTH="827"
                   HEIGHT="334"
                   ID="eSc_textblock_4fc89c92"
                   TAGREFS="BT1851">
          <Shape><Polygon POINTS="231 518 231 852 1058 852 1058 518"/></Shape>
          <TextLine ID="line_10"
                    TAGREFS="LT8"
                    BASELINE="285 538 1035 538" 
                    HPOS="285"
                    VPOS="499"
                    WIDTH="750"
                    HEIGHT="58">
            <Shape><Polygon POINTS="285 538 285 554 306 556 307 556 308 556 311 554 320 549 327 554 328 554 329 554 330 554 332 554 375 549 382 554 384 556 385 556 386 556 387 556 399 554 425 549 481 553 515 556 516 557 635 557 635 556 636 556 647 553 660 549 675 552 691 556 692 557 749 557 749 556 750 556 760 552 767 549 810 552 877 556 878 556 904 551 907 551 909 551 929 556 930 556 931 556 932 556 943 551 948 549 959 551 985 556 986 556 1035 550 1035 538 1034 502 990 510 973 501 968 499 967 499 857 499 856 499 855 499 854 499 852 501 843 507 832 501 830 500 829 500 828 500 827 500 825 501 807 510 788 505 787 505 786 505 785 505 784 505 776 510 763 506 762 506 761 506 760 506 742 510 690 501 689 501 688 501 687 501 686 501 670 510 624 510 612 504 611 504 610 504 609 504 593 510 580 505 579 505 578 505 549 510 512 500 507 499 506 499 505 499 504 499 501 500 480 510 360 507 359 507 338 510 311 500 309 499 308 499 307 499 285 499 285 538"/></Shape>
	    <String CONTENT="Sextò, RECEPTVS EST IN GL. ſcil.idem"
                    HPOS="285"
                    VPOS="499"
                    WIDTH="750"
                    HEIGHT="58"
                    WC="0.9932876744785825"></String>
          </TextLine>
          <TextLine ID="line_11"
                    TAGREFS="LT8"
                    BASELINE="236 589 1038 586" 
                    HPOS="235"
                    VPOS="547"
                    WIDTH="803"
                    HEIGHT="58">
            <Shape><Polygon POINTS="236 589 236 602 450 599 462 602 469 605 470 605 471 605 472 605 482 602 504 598 599 598 607 602 609 604 610 604 611 604 612 605 722 605 722 604 723 604 728 602 746 598 764 602 769 604 770 604 771 604 845 603 846 603 847 602 859 597 884 602 888 603 889 603 893 602 914 599 924 602 926 603 927 603 928 603 1037 602 1038 586 1036 558 1002 558 1002 557 983 547 982 547 981 547 918 557 914 558 838 558 836 557 810 547 809 547 808 547 758 548 757 548 756 548 743 556 740 558 704 557 703 556 692 548 691 548 690 548 626 548 625 548 624 548 609 555 603 558 583 555 554 551 553 551 508 553 507 553 506 553 504 555 497 559 354 559 345 554 333 549 332 549 331 549 235 553 236 589"/></Shape>
	    <String CONTENT="ille Deus incarnatus: ſedet ad dextram Dei"
                    HPOS="235"
                    VPOS="547"
                    WIDTH="803"
                    HEIGHT="58"
                    WC="0.9953756971018655"></String>
          </TextLine>
          <TextLine ID="line_12"
                    TAGREFS="LT8"
                    BASELINE="239 639 423 635 1039 635" 
                    HPOS="238"
                    VPOS="597"
                    WIDTH="801"
                    HEIGHT="61">
            <Shape><Polygon POINTS="239 639 239 648 296 654 297 654 298 654 317 648 319 648 322 648 357 653 358 653 359 653 373 648 375 648 513 648 514 648 530 657 531 657 532 658 590 658 590 657 591 657 592 657 604 649 626 657 627 657 628 658 748 658 748 657 775 651 789 657 790 657 791 657 856 656 857 656 870 649 918 656 919 656 920 656 940 649 975 654 976 654 997 650 1003 655 1004 655 1005 655 1006 655 1007 655 1039 646 1039 635 1038 607 989 607 989 606 982 602 981 602 980 602 979 602 955 606 936 597 935 597 935 597 895 603 884 597 883 597 882 597 853 597 852 597 851 597 829 606 828 606 827 606 802 597 801 597 800 597 767 604 747 598 746 598 701 598 700 598 662 605 661 605 659 605 626 598 625 598 582 605 569 608 541 608 536 605 525 598 524 598 523 598 464 598 463 598 462 598 461 598 452 604 448 608 321 608 313 604 301 600 300 600 299 600 298 600 297 600 290 604 285 607 276 604 266 601 265 601 264 601 238 603 239 639"/></Shape>
	    <String CONTENT="Patris, intercedit pro Eccleſia ſua, illam tue¬"
                    HPOS="238"
                    VPOS="597"
                    WIDTH="801"
                    HEIGHT="61"
                    WC="0.9957755220697281"></String>
          </TextLine>
          <TextLine ID="line_13"
                    TAGREFS="LT8"
                    BASELINE="239 688 1041 683" 
                    HPOS="238"
                    VPOS="645"
                    WIDTH="803"
                    HEIGHT="62">
            <Shape><Polygon POINTS="239 698 318 707 319 707 320 707 321 707 333 698 334 698 359 704 360 704 361 704 362 704 372 698 373 698 506 698 508 698 528 706 529 706 530 707 559 707 559 706 560 706 577 701 656 705 657 705 658 705 677 698 679 697 686 698 728 704 729 704 780 699 800 704 801 704 802 704 803 704 818 697 821 695 896 695 900 697 910 703 911 703 912 703 913 703 1040 696 1041 683 1039 654 994 645 993 645 992 645 971 651 930 645 929 645 928 645 903 653 884 645 883 645 882 645 881 645 847 654 846 655 815 655 815 654 797 646 796 646 795 646 794 646 778 655 752 655 722 646 721 646 720 646 719 646 703 655 702 655 699 655 657 647 593 647 592 647 591 647 563 655 559 657 507 657 506 656 496 648 495 648 494 648 470 648 469 648 430 656 427 656 426 656 413 648 412 648 411 648 410 648 390 656 387 657 372 656 327 652 326 652 304 656 299 657 298 656 289 650 288 650 287 650 286 650 285 650 272 656 270 657 238 657 239 688"/></Shape>
	    <String CONTENT="tur potentia ſua, gubernat Spiritu ſuo, flecti¬"
                    HPOS="238"
                    VPOS="645"
                    WIDTH="803"
                    HEIGHT="62"
                    WC="0.9836229973650993"></String>
          </TextLine>
          <TextLine ID="line_14"
                    TAGREFS="LT8"
                    BASELINE="240 735 1043 733" 
                    HPOS="239"
                    VPOS="698"
                    WIDTH="804"
                    HEIGHT="56">
            <Shape><Polygon POINTS="240 735 240 747 381 746 391 748 404 751 405 751 434 748 458 746 462 748 471 753 472 753 473 754 500 754 500 753 501 753 502 753 509 748 513 746 519 748 534 753 535 753 536 753 537 753 546 748 548 746 552 748 554 750 555 750 556 750 557 750 598 748 657 745 662 748 668 752 669 752 670 752 671 752 769 751 770 751 771 751 775 748 780 745 786 748 796 752 797 752 798 752 830 751 831 751 832 751 836 748 839 745 843 748 848 751 849 751 850 751 851 751 852 751 860 748 868 745 879 748 898 752 899 752 1043 747 1043 733 1041 707 1005 707 1005 706 992 698 991 698 990 698 989 698 988 698 965 706 965 707 942 707 942 706 930 698 929 698 928 698 856 698 855 698 854 698 841 702 823 698 822 698 821 698 820 698 807 704 790 698 789 698 788 698 745 703 730 698 729 698 728 698 727 698 713 705 677 705 647 698 646 698 645 698 645 698 621 706 617 707 509 707 508 706 491 699 490 699 489 699 488 699 475 706 472 707 424 707 423 706 418 701 417 701 416 701 415 701 387 706 385 706 383 706 365 698 364 698 363 698 313 699 312 699 311 699 301 706 298 707 239 706 240 735"/></Shape>
	    <String CONTENT="tur illi omne genu in terra, cælo, &amp; ſub terra."
                    HPOS="239"
                    VPOS="698"
                    WIDTH="804"
                    HEIGHT="56"
                    WC="0.9990778895134621"></String>
          </TextLine>
          <TextLine ID="line_15"
                    TAGREFS="LT8"
                    BASELINE="243 786 1042 783" 
                    HPOS="242"
                    VPOS="743"
                    WIDTH="800"
                    HEIGHT="69">
            <Shape><Polygon POINTS="243 786 243 802 302 802 303 802 314 811 315 811 316 811 317 812 419 812 419 811 420 811 421 811 434 802 435 802 476 802 499 802 526 810 527 810 528 811 735 811 735 810 736 810 753 802 796 808 797 808 798 808 818 802 824 800 868 800 871 802 881 809 882 809 883 809 884 810 912 810 912 809 913 809 914 809 926 801 927 801 932 801 961 806 962 806 1008 802 1021 808 1022 808 1023 808 1024 808 1042 801 1042 783 1040 755 1007 749 1006 749 957 754 949 754 948 754 936 746 935 746 935 746 934 746 933 746 911 752 894 743 893 743 839 743 838 743 838 743 837 743 825 752 822 754 805 752 743 744 742 744 742 744 741 744 730 751 723 756 686 756 674 750 662 746 661 746 660 746 659 746 646 750 632 755 617 750 602 744 601 744 600 744 576 745 575 745 567 749 558 754 551 749 546 744 545 744 544 744 517 744 516 744 516 744 515 744 509 749 499 756 456 748 439 745 438 745 437 745 436 745 432 748 419 756 349 747 340 746 339 746 338 746 336 747 314 756 285 746 281 745 280 745 279 745 242 745 243 786"/></Shape>
	    <String CONTENT="Hæc maieſtas Chriſti eſt, quidquid dicãt con"
                    HPOS="242"
                    VPOS="743"
                    WIDTH="800"
                    HEIGHT="69"
                    WC="0.997100473774804"></String>
          </TextLine>
          <TextLine ID="line_16"
                    TAGREFS="LT8"
                    BASELINE="242 833 524 836" 
                    HPOS="241"
                    VPOS="802"
                    WIDTH="283"
                    HEIGHT="63">
            <Shape><Polygon POINTS="242 833 241 849 268 863 269 863 338 864 339 865 373 865 373 864 374 864 375 864 392 851 428 851 447 863 448 863 449 863 450 864 471 864 471 863 472 863 495 852 523 852 524 836 524 810 505 803 504 803 503 803 471 809 470 809 468 809 441 804 440 804 399 807 391 802 390 802 389 802 388 802 387 802 375 808 374 808 346 802 345 802 242 806 242 833"/></Shape>
	    <String CONTENT="temptores eius."
                    HPOS="241"
                    VPOS="802"
                    WIDTH="283"
                    HEIGHT="63"
                    WC="0.9887030680974325"></String>
          </TextLine>
        </TextBlock>
        <TextBlock HPOS="464"
                   VPOS="1046"
                   WIDTH="347"
                   HEIGHT="53"
                   ID="eSc_textblock_80255d34"
                   TAGREFS="BT1852">
          <Shape><Polygon POINTS="811 1046 811 1099 464 1099 464 1046"/></Shape>
          <TextLine ID="line_17"
                    TAGREFS="LT8"
                    BASELINE="473 1080 801 1087" 
                    HPOS="471"
                    VPOS="1047"
                    WIDTH="329"
                    HEIGHT="62">
            <Shape><Polygon POINTS="792 1047 778 1047 776 1047 736 1052 715 1047 705 1047 691 1047 682 1047 669 1051 650 1047 647 1047 632 1047 618 1047 608 1047 606 1048 603 1047 603 1047 589 1047 574 1047 560 1047 545 1047 531 1047 516 1047 501 1047 487 1047 472 1047 472 1078 471 1100 477 1105 478 1105 480 1105 481 1105 533 1097 672 1109 673 1109 798 1102 800 1086 797 1047 792 1047"/></Shape>
	    <String CONTENT="CAPVT IIII."
                    HPOS="471"
                    VPOS="1047"
                    WIDTH="329"
                    HEIGHT="62"></String>
          </TextLine>
        </TextBlock>
        <TextBlock HPOS="247"
                   VPOS="1165"
                   WIDTH="173"
                   HEIGHT="168"
                   ID="eSc_textblock_b073565b"
                   TAGREFS="BT10">
          <Shape><Polygon POINTS="247 1165 247 1333 420 1333 420 1165"/></Shape>
          <TextLine ID="eSc_line_e88d6a10"
                    TAGREFS="LT8"
                    BASELINE="268 1308 393 1311" 
                    HPOS="266"
                    VPOS="1281"
                    WIDTH="126"
                    HEIGHT="74">
            <Shape><Polygon POINTS="266 1353 371 1345 387 1355 392 1310 391 1281 267 1285 267 1307"/></Shape>
	    <String CONTENT="L"
                    HPOS="266"
                    VPOS="1281"
                    WIDTH="126"
                    HEIGHT="74"></String>
          </TextLine>
        </TextBlock>
        <TextBlock HPOS="245"
                   VPOS="1142"
                   WIDTH="826"
                   HEIGHT="414"
                   ID="eSc_textblock_10be21e2"
                   TAGREFS="BT1851">
          <Shape><Polygon POINTS="1071 1142 1071 1556 245 1556 245 1142"/></Shape>
          <TextLine ID="line_19"
                    TAGREFS="LT8"
                    BASELINE="418 1182 1051 1185" 
                    HPOS="418"
                    VPOS="1140"
                    WIDTH="633"
                    HEIGHT="63">
            <Shape><Polygon POINTS="418 1182 418 1200 442 1200 442 1199 443 1199 444 1199 450 1194 455 1199 456 1199 456 1200 457 1200 458 1200 459 1201 536 1201 536 1200 537 1200 538 1200 540 1198 551 1192 602 1192 619 1198 628 1201 629 1201 630 1201 631 1201 645 1198 659 1194 681 1197 695 1199 696 1199 721 1197 767 1193 790 1196 820 1201 821 1201 855 1196 863 1195 865 1196 877 1202 878 1202 879 1203 935 1203 935 1202 936 1202 937 1202 946 1195 948 1194 960 1195 1026 1202 1027 1202 1028 1202 1050 1194 1051 1185 1048 1145 1025 1153 979 1153 965 1144 958 1142 957 1142 918 1142 917 1142 916 1142 915 1142 912 1144 909 1147 903 1144 898 1142 897 1142 896 1142 895 1142 894 1142 892 1144 885 1150 872 1146 871 1146 871 1146 870 1146 852 1152 832 1144 823 1141 822 1141 821 1141 759 1143 722 1145 691 1143 650 1141 649 1141 648 1141 647 1141 644 1143 629 1151 560 1151 548 1142 545 1140 544 1140 543 1140 542 1140 541 1140 532 1142 511 1151 483 1151 470 1143 469 1143 468 1143 467 1143 457 1148 448 1142 444 1140 443 1140 442 1140 441 1140 418 1142 418 1182"/></Shape>
	    <String CONTENT="OCVS grauiſsimus hîc explicatur"
                    HPOS="418"
                    VPOS="1140"
                    WIDTH="633"
                    HEIGHT="63"
                    WC="0.9995876587927341"></String>
          </TextLine>
          <TextLine ID="line_20"
                    TAGREFS="LT8"
                    BASELINE="418 1231 1053 1233" 
                    HPOS="417"
                    VPOS="1194"
                    WIDTH="636"
                    HEIGHT="59">
            <Shape><Polygon POINTS="418 1231 417 1249 467 1251 468 1251 469 1251 477 1249 497 1244 529 1249 548 1251 548 1251 563 1248 583 1244 589 1248 592 1251 593 1251 594 1251 595 1251 622 1248 639 1246 644 1248 652 1251 653 1251 654 1251 655 1251 664 1247 673 1244 716 1244 739 1247 776 1252 777 1252 817 1246 829 1245 848 1246 940 1252 941 1252 942 1252 965 1245 966 1245 972 1251 972 1252 973 1252 974 1252 975 1253 1030 1253 1030 1252 1031 1252 1052 1244 1053 1233 1053 1205 869 1205 861 1202 847 1198 846 1198 845 1198 844 1198 836 1202 832 1204 830 1202 822 1195 821 1195 820 1195 764 1195 763 1195 762 1195 749 1201 742 1204 727 1200 701 1194 700 1194 663 1199 657 1200 656 1199 652 1196 652 1195 651 1195 650 1195 649 1195 648 1195 639 1199 631 1194 630 1194 629 1194 628 1194 627 1194 626 1194 620 1199 619 1200 616 1199 608 1195 607 1195 606 1195 605 1195 604 1195 599 1198 592 1203 584 1198 583 1197 582 1197 581 1197 580 1197 580 1197 578 1198 567 1204 560 1198 560 1197 559 1197 558 1197 557 1197 550 1198 521 1202 505 1197 496 1194 495 1194 494 1194 493 1194 492 1194 489 1197 478 1205 462 1205 447 1196 443 1194 442 1194 441 1194 418 1195 418 1231"/></Shape>
	    <String CONTENT="de erroribus circa fidem, qui po¬"
                    HPOS="417"
                    VPOS="1194"
                    WIDTH="636"
                    HEIGHT="59"
                    WC="0.9992235736413435"></String>
          </TextLine>
          <TextLine ID="line_21"
                    TAGREFS="LT8"
                    BASELINE="414 1279 1052 1284" 
                    HPOS="414"
                    VPOS="1241"
                    WIDTH="638"
                    HEIGHT="63">
            <Shape><Polygon POINTS="414 1279 414 1297 424 1293 444 1297 454 1299 455 1299 456 1299 462 1297 475 1293 499 1297 512 1299 513 1299 522 1297 537 1294 541 1297 546 1300 547 1300 548 1300 548 1301 597 1301 597 1300 598 1300 611 1297 619 1294 623 1297 629 1300 630 1300 631 1300 670 1301 671 1301 672 1301 673 1301 678 1297 681 1295 714 1295 737 1297 789 1301 790 1301 817 1297 822 1296 824 1297 838 1302 839 1302 840 1303 872 1303 872 1302 873 1302 874 1302 884 1297 886 1296 918 1296 920 1297 935 1303 936 1303 937 1304 975 1304 975 1303 1051 1296 1052 1284 1052 1254 1020 1245 1019 1245 1018 1245 1017 1245 994 1253 993 1253 991 1253 943 1245 942 1245 913 1252 912 1252 891 1244 890 1244 889 1244 851 1251 846 1252 841 1251 796 1243 764 1243 763 1243 762 1243 761 1243 761 1244 753 1250 752 1251 749 1250 718 1243 717 1243 689 1250 681 1251 629 1251 625 1249 608 1242 607 1242 606 1242 605 1242 588 1249 584 1250 580 1248 569 1244 568 1244 567 1244 545 1248 544 1248 543 1248 528 1241 527 1241 526 1241 525 1241 511 1248 507 1250 451 1250 447 1247 440 1241 439 1241 438 1241 437 1241 414 1246 414 1279"/></Shape>
	    <String CONTENT="ſtremis temporibus ſimplicitatem"
                    HPOS="414"
                    VPOS="1241"
                    WIDTH="638"
                    HEIGHT="63"
                    WC="0.9992481097579002"></String>
          </TextLine>
          <TextLine ID="line_22"
                    TAGREFS="LT8"
                    BASELINE="415 1330 1054 1332" 
                    HPOS="414"
                    VPOS="1291"
                    WIDTH="640"
                    HEIGHT="61">
            <Shape><Polygon POINTS="415 1330 414 1347 469 1350 470 1350 471 1350 481 1347 490 1344 494 1347 499 1351 500 1351 501 1351 502 1351 524 1347 537 1345 563 1347 617 1351 618 1351 619 1351 620 1351 626 1347 629 1344 634 1346 640 1349 641 1349 642 1349 643 1349 653 1346 663 1344 671 1346 684 1351 685 1351 686 1351 687 1351 697 1346 698 1346 700 1346 723 1351 724 1351 725 1351 735 1346 737 1345 738 1346 743 1351 743 1352 744 1352 745 1352 746 1352 747 1352 757 1347 799 1352 800 1352 801 1352 816 1346 817 1345 819 1346 829 1351 830 1351 831 1351 832 1351 845 1345 847 1345 850 1345 871 1351 872 1351 873 1351 935 1345 940 1345 942 1345 970 1352 971 1352 972 1352 988 1345 1053 1345 1054 1332 1054 1302 920 1293 919 1293 918 1293 917 1293 909 1300 905 1302 838 1302 827 1298 814 1294 813 1294 812 1294 811 1294 810 1294 806 1298 800 1301 755 1301 739 1297 725 1292 724 1292 681 1292 680 1292 679 1292 672 1295 657 1300 613 1294 602 1293 601 1293 595 1294 567 1300 548 1293 546 1292 545 1292 544 1292 543 1292 542 1292 541 1293 531 1299 519 1292 518 1292 517 1292 516 1292 516 1292 515 1292 515 1293 505 1301 482 1301 470 1292 469 1292 468 1292 415 1291 415 1330"/></Shape>
	    <String CONTENT="fidei corrupturi ſunt. Locum pro¬"
                    HPOS="414"
                    VPOS="1291"
                    WIDTH="640"
                    HEIGHT="61"
                    WC="0.9879220706043821"></String>
          </TextLine>
          <TextLine ID="line_23"
                    TAGREFS="LT8"
                    BASELINE="255 1383 1055 1381" 
                    HPOS="254"
                    VPOS="1344"
                    WIDTH="801"
                    HEIGHT="55">
            <Shape><Polygon POINTS="255 1399 349 1392 520 1392 529 1397 530 1398 531 1398 532 1398 533 1399 570 1399 570 1398 571 1398 575 1396 586 1391 684 1391 693 1396 695 1397 696 1397 697 1397 698 1398 726 1398 726 1397 727 1397 731 1396 741 1391 804 1391 818 1395 827 1396 828 1396 829 1396 846 1395 857 1393 860 1394 867 1397 868 1397 869 1397 895 1394 904 1393 928 1394 1023 1397 1024 1397 1054 1392 1055 1381 1053 1354 983 1344 930 1344 929 1344 928 1344 927 1344 912 1353 911 1354 793 1354 793 1353 775 1344 774 1344 773 1344 759 1350 724 1344 723 1344 722 1344 699 1353 698 1354 642 1354 636 1353 618 1349 617 1349 616 1349 606 1353 603 1354 600 1353 582 1345 581 1345 556 1345 555 1345 554 1345 540 1353 539 1353 538 1353 513 1345 512 1345 407 1345 406 1345 369 1353 360 1354 254 1353 255 1383"/></Shape>
	    <String CONTENT="ponit more Prophetico: eſt enim oraculum"
                    HPOS="254"
                    VPOS="1344"
                    WIDTH="801"
                    HEIGHT="55"
                    WC="0.9992444053292274"></String>
          </TextLine>
          <TextLine ID="line_24"
                    TAGREFS="LT8"
                    BASELINE="254 1433 1065 1429" 
                    HPOS="253"
                    VPOS="1388"
                    WIDTH="812"
                    HEIGHT="63">
            <Shape><Polygon POINTS="254 1433 254 1451 545 1444 597 1447 630 1449 631 1449 649 1446 674 1443 756 1445 861 1448 862 1448 863 1448 877 1444 883 1442 932 1442 934 1443 938 1447 939 1447 940 1447 941 1447 991 1442 997 1442 1001 1442 1049 1447 1050 1447 1051 1447 1065 1441 1065 1429 1064 1399 1035 1399 1020 1391 1019 1391 1018 1391 970 1398 956 1389 955 1389 954 1389 953 1389 952 1389 951 1389 936 1399 881 1399 849 1388 848 1388 847 1388 773 1396 753 1388 752 1388 751 1388 750 1388 727 1399 676 1399 643 1389 642 1389 601 1389 600 1389 599 1389 598 1389 579 1401 538 1401 515 1389 514 1389 464 1389 463 1389 462 1389 461 1389 443 1401 421 1390 420 1390 356 1390 355 1390 354 1390 331 1399 312 1391 311 1391 310 1391 276 1392 275 1392 253 1401 254 1433"/></Shape>
	    <String CONTENT="Chriſti Eccleſiæ relictum ad vtilitatem. Si¬"
                    HPOS="253"
                    VPOS="1388"
                    WIDTH="812"
                    HEIGHT="63"
                    WC="0.9979365468025208"></String>
          </TextLine>
          <TextLine ID="line_25"
                    TAGREFS="LT8"
                    BASELINE="252 1483 819 1479 1071 1483" 
                    HPOS="251"
                    VPOS="1438"
                    WIDTH="820"
                    HEIGHT="64">
            <Shape><Polygon POINTS="252 1502 316 1502 316 1501 317 1501 318 1501 326 1495 335 1501 336 1501 337 1501 338 1502 519 1502 519 1501 538 1498 570 1493 616 1493 625 1497 627 1499 628 1499 629 1499 630 1499 653 1497 692 1493 698 1496 703 1500 704 1500 705 1500 706 1500 801 1495 849 1493 856 1495 871 1499 872 1499 873 1499 874 1499 890 1494 898 1492 926 1494 996 1499 997 1499 998 1499 1012 1493 1015 1492 1024 1493 1060 1497 1061 1497 1062 1497 1071 1492 1071 1483 1070 1449 1037 1449 1018 1438 1017 1438 1016 1438 958 1449 892 1449 850 1439 774 1439 773 1439 772 1439 771 1439 764 1444 651 1439 650 1439 649 1439 627 1449 625 1450 554 1450 550 1449 540 1441 539 1441 538 1441 537 1441 536 1441 512 1448 495 1441 494 1441 493 1441 492 1441 472 1449 469 1450 431 1450 427 1449 408 1440 407 1440 406 1440 405 1440 381 1446 356 1441 355 1441 354 1441 327 1449 325 1449 323 1449 306 1440 305 1440 304 1440 303 1440 287 1449 283 1450 251 1449 252 1483"/></Shape>
	    <String CONTENT="mile habemus in 2. ad Timotheum capite"
                    HPOS="251"
                    VPOS="1438"
                    WIDTH="820"
                    HEIGHT="64"
                    WC="0.9996760926748577"></String>
          </TextLine>
          <TextLine ID="line_26"
                    TAGREFS="LT8"
                    BASELINE="254 1533 1072 1533" 
                    HPOS="254"
                    VPOS="1492"
                    WIDTH="818"
                    HEIGHT="67">
            <Shape><Polygon POINTS="254 1533 254 1558 356 1557 358 1557 392 1550 409 1556 411 1557 412 1557 413 1557 414 1557 418 1556 449 1548 467 1554 468 1554 469 1554 470 1554 484 1550 493 1555 497 1558 498 1558 499 1558 500 1558 563 1556 564 1556 569 1554 587 1547 697 1547 730 1553 746 1554 747 1554 748 1554 754 1552 758 1550 761 1552 770 1558 771 1558 772 1558 773 1559 865 1559 865 1558 866 1558 886 1550 894 1547 901 1550 913 1555 914 1555 915 1555 916 1555 937 1549 947 1547 1071 1547 1072 1533 1072 1501 1045 1494 1044 1494 1043 1494 1042 1494 1027 1502 980 1502 960 1492 959 1492 958 1492 849 1501 817 1492 816 1492 815 1492 730 1494 729 1494 728 1494 719 1500 702 1492 701 1492 580 1492 580 1492 579 1492 551 1501 513 1495 512 1495 511 1495 510 1495 500 1502 467 1502 454 1492 453 1492 452 1492 451 1492 414 1500 394 1492 393 1492 392 1492 391 1492 371 1502 254 1502 254 1533"/></Shape>
	    <String CONTENT="tertio verſu quinto, &amp; in 2.Petri capite 2."
                    HPOS="254"
                    VPOS="1492"
                    WIDTH="818"
                    HEIGHT="67"
                    WC="0.9988624606021616"></String>
          </TextLine>
        </TextBlock>
        <TextBlock HPOS="952"
                   VPOS="1546"
                   WIDTH="131"
                   HEIGHT="60"
                   ID="eSc_textblock_e019e9d0"
                   TAGREFS="BT17">
          <Shape><Polygon POINTS="1083 1546 1083 1606 952 1606 952 1546"/></Shape>
          <TextLine ID="line_27"
                    TAGREFS="LT8"
                    BASELINE="963 1584 1073 1584" 
                    HPOS="963"
                    VPOS="1545"
                    WIDTH="110"
                    HEIGHT="60">
            <Shape><Polygon POINTS="963 1584 964 1605 978 1599 991 1604 994 1605 995 1605 996 1605 1073 1600 1073 1584 1072 1550 1013 1554 1009 1551 1003 1546 1003 1545 1002 1545 1001 1545 978 1545 977 1545 976 1545 963 1552 963 1584"/></Shape>
	    <String CONTENT="&amp; in"
                    HPOS="963"
                    VPOS="1545"
                    WIDTH="110"
                    HEIGHT="60"
                    WC="0.9994789808988571"></String>
          </TextLine>
        </TextBlock>
        <TextBlock HPOS="236"
                   VPOS="908"
                   WIDTH="832"
                   HEIGHT="107"
                   ID="eSc_textblock_3ec20cf4"
                   TAGREFS="BT11">
          <Shape><Polygon POINTS="236 908 236 1015 1068 1015 1068 908"/></Shape>
        </TextBlock>
      </PrintSpace>
    </Page>
  </Layout>
</alto>
