1014 1756
197 57 59 42 168

368 41 449 64 COMMENTARII

195.0 97.0 765.0 63.0 autem hîc explicantur: primùm vitia cauen¬

195 149 769 61 da exprimit: mox his opponit virtutes ſequẽ¬

194.0 195.0 768.0 65.0 das diuitibus. Vitia ſunt primùm ὑψηλοφρο¬

194.0 245.0 767.0 62.0 νεῖν, altũ ſapere, quia enim variis ornati ſunt

193.0 292.0 761.0 65.0 inſtrumentis elabendi & propulſandi caſus

193.0 344.0 754.0 59.0 communes, ideo inferiores libenter contem¬

200 390 734 63 nunt, & ſe efferunt quaſi omnibus meliores.

241.0 439.0 712.0 66.0 Hinc rectè de eis dicitur ab Euripide, ἔμ¬

195.0 490.0 766.0 63.0 φυτον τοῖς πλουτοῦσι σκαιοῖσιν εἶναι, hoc eſt, innatum

192.0 540.0 767.0 64.0 illis eſſe petulanter agere. Alterum vitium

193.0 593.0 769.0 57.0 eſt, SPEM PONERE IN INCERTITVDINE.

193.0 638.0 764.0 64.0 OPVM. Ἀδηλότης  habet vim argumenti:incer¬

192.0 688.0 770.0 64.0 tis enim fidere ſtultum eſt:opes ſunt incertæ.

199 730 501 74 Igitur hîc fidere ſtultum eſt.

222.0 784.0 735.0 64.0 Virtutes autem ſunt quas diuites ſequi de¬

187.0 836.0 771.0 60.0 bent. Primùm, DEO FIDENDVM EST, qui

189.0 884.0 771.0 63.0 eſt vita, hoc eſt, res firma per ſe & ratione a¬

193.0 933.0 762.0 63.0 gens. Deinde, QVIA NOBIS EXHIBET OM¬

191.0 981.0 765.0 61.0 NIA: igitur largitur etiam opes: ideo nõ hæ¬

185.0 1028.0 772.0 61.0 rẽdum in effectu, ſed redeundum eſt ad cau¬

184.0 1079.0 779.0 59.0 ſam largientẽ. Tertiò, ABVNDE LARGITVR,

185.0 1125.0 778.0 66.0 non parcè, vide Pſalm.147. Quartò, dat ad

182.0 1177.0 780.0 57.0 απόλαυσιν, hoc eſt, χρήσιν ad vſum: non vt re¬

182.0 1225.0 777.0 65.0 condamus, ſed vtamur, χρήσις igitur nõ κτάσις

180 1268 243 66 reſpici debet.

237 1333 349 57 18 Benefacere, &c

281.0 1377.0 667.0 64.0 Reliquas perſequitur virtutes, vt eſt

180.0 1430.0 762.0 58.0 ἀγαθοεργεῖν: benefacere opponitur otio diui¬

183.0 1476.0 767.0 77.0 tum: deinde malis illorum operibus, vt eſt

842.0 1527.0 104.0 71.0 vſura¬
