1091 1760
135 71 649 55 IN I. EPIST. AD TIMOTH.

850 71 29 65 65

67.0 123.0 820.0 60.0 ſui decori accipere, non ſordidum vult, nec

73.0 171.0 818.0 64.0 indecenter veſtiri, ſed vt ex habitu cognoſci

75.0 219.0 140.0 63.0 poſsit.

102.0 273.0 779.0 56.0 Sextò, φιλόξενος, hoſpitalis: cum enim Ec¬

67.0 318.0 817.0 60.0 cleſiæ bona ad miniſtros deferrẽtur, vt priùs

67.0 368.0 823.0 63.0 ad Apoſtolorum pedes, meritò hoſpitales eſſe.

68.0 419.0 815.0 61.0 debent : peregrini enim hinc & pauperes a¬

75.0 469.0 811.0 58.0 lendi erant. Nunc multò magis tales eſſe de¬

80.0 519.0 802.0 57.0 bent conſtitutis ſtipendiis ordinariis, ex qui¬

81.0 565.0 804.0 56.0 bus & ipſi & familia viuere poſſunt, pauperũ

84.0 618.0 779.0 57.0 cura publica in pium magiſtratum reiecta.

118.0 665.0 755.0 58.0 Septimò, aptus ad docendum, διδακτικὸς,

86.0 711.0 787.0 64.0 inſtructus ratione docendi facili & perſpicua,

86.0 764.0 793.0 52.0 qualis eſt methodica, vt oſtenſa rei natura ac

81.0 812.0 795.0 60.0 Vtilitate ad illam poſsit hortari, vt cõtrà pro¬

77.0 859.0 806.0 62.0 poſita ſcelerum nota ab his potenter poſsit

74.0 908.0 807.0 58.0 dehortari: ſic in defendenda ſana doctrina

76.0 958.0 807.0 61.0 didacticus eſt ſi purè & perſpicuè veritatem

78.0 1007.0 802.0 63.0 proponat prolatis veris cauſis, errores perſpi¬

76.0 1059.0 801.0 61.0 cuè detegat & confutet, aduerſarios conuin¬

86 1111 640 57 cat, hæc δείνοσις donum S.Sancti eſt.

135 1168 402 52 3. Non vinoſum, &c.

174.0 1205.0 704.0 68.0 Hactenus affirmatiuè dixit qualis de¬

69.0 1257.0 810.0 63.0 beat eſſe miniſter, nunc ἀποφαρικῶς eandem

68.0 1307.0 814.0 64.0 rem perſequitur. Primùm igitur non debet

67.0 1358.0 813.0 61.0 eſſe πάροινος, vinoſus: ſpecies eſt vel proprie¬

71.0 1405.0 814.0 64.0 tas ſobrietatis, de qua iam diximus. Significat

69.0 1453.0 812.0 58.0 autem πάροινος, vino quodammodo affixum,

72.0 1504.0 812.0 67.0 aſsidentem ei ſemper: & παροινεῖν eſt ex vino

652.0 1554.0 37.0 66.0 E
