1080 1755
222 86 41 47 112

391 71 463 51 COMMENTARII

214 124 796 58 ſolertia regendi Eccleſiam, docendi Euan¬

218.0 172.0 793.0 61.0 gelium, & ſimilia. Hoc donum non debet

214.0 220.0 793.0 65.0 neghgere, hoc eſt, debet auctius reddere, ne¬

218.0 273.0 784.0 58.0 gligunt qui contemptim de his iudicant, ne

220.0 319.0 781.0 61.0 gligentia. ſua reddunt deterius: quod Sct i¬

216.0 366.0 782.0 63.0 ptura dicit defodere ſuum talentum. Exco¬

213.0 417.0 783.0 62.0 lẽdum igitur eſt ſingulis ſuum χάρισμα, hoc

213.0 466.0 790.0 60.0 eſt, talentum qualecunque illud ſit: & nemo

214.0 517.0 791.0 59.0 credit quantum aſsiduus vſus & conatus in

216 563 247 61 hac re valeat.

256.0 611.0 749.0 60.0 Deinde conſidera hîc quomodo illi da¬

210.0 663.0 796.0 60.0 tum ſit hoc donũ, PER PROPHETIAM. Pro¬

211.0 714.0 792.0 62.0 phetiam hîc etiam accipio pro piorum omi¬

208.0 762.0 794.0 58.0 ne felici, & coniectura. Act.1 6.teſtimonium

208.0 812.0 793.0 56.0 bonum habuiſſe ſcribitur. Inter illos fratres

208.0 861.0 792.0 65.0 puto quoſdam Prophetico ſpiritu prædi¬

206.0 910.0 795.0 62.0 xiſſe qualis hic iuuenis aliquando futurus

208.0 957.0 792.0 64.0 eſſet doctor in Eccleſia Chriſti: & his teſti¬

207.0 1008.0 794.0 62.0 moniis Paulus inductus eſt vt illum ſibi ad¬

207.0 1060.0 796.0 62.0 iungeret. Itaque hîc ponitur tanquam cau¬

210.0 1130.0 297.0 40.0 la occaſionans.

265.0 1153.0 733.0 66.0 Tertiò, quomodo in ipſo ſit reipſa confir¬

208.0 1207.0 792.0 56.0 matum: IMPOSITIONE MANVVM SENIO¬

209.0 1252.0 789.0 62.0 RVM, qui qualis fuerit ritus alibi diximus.

206.0 1303.0 791.0 61.0 Hinc certè conſtat cum impoſitione manuũ

204.0 1351.0 786.0 59.0 Apoſtolorum, & aliorum fidelium, Deum

205.0 1402.0 787.0 58.0 certa edidiſſe teſtimonia, quòd talis perſona

206.0 1453.0 788.0 56.0 illi ad tale munus placeret. Illapſus eſt ali¬

206.0 1499.0 793.0 76.0 quando viſibili ſpecie Spiritus ſanctns, aliâs

858.0 1551.0 141.0 72.0 linguis
