1070 1750
175 49 642 56 IN I. EPIST. AD TIMOTH.

864 46 36 63 59

98.0 96.0 796.0 63.0 cap. de viduis iunioribus loquitur, quas vult

98.0 147.0 796.0 62.0 nubere, liberos procreare, & domum cuſtodi¬

97.0 196.0 795.0 55.0 re. Addit hinc, SI MANSERINT IN FIDE:

92.0 242.0 800.0 61.0 mulieres ſcilicet: nã collectiuè mulieris voce

91.0 293.0 800.0 59.0 totum ſexum intelligit. Heteroſis numeri

89.0 341.0 803.0 63.0 effecit vt hoc quidam ad filias referrent. Sed

89.0 393.0 800.0 59.0 de mulieribus loquitur, SI MANSE¬

93 445 796 56 RINT IPSAE IN FIDE, hoc eſt, veræ do¬

97.0 489.0 791.0 63.0 ctrinæ profeſsione, & dilectione proximi, be¬

100.0 539.0 787.0 61.0 nefaciendi ſtudio, amore Dei, & ſanctificatio¬

101.0 591.0 783.0 60.0 nehoc eſt, vitæ innocentia qua ornatur pro¬

101.0 637.0 782.0 63.0 feſsio: modeſtia verò eſt σεμνότης illa ciuilis,

106.0 689.0 537.0 61.0 quæin habitu & exceſſu elucet.

330.0 899.0 304.0 50.0 CAPVT III.

112 1109 144 75 G

292.0 976.0 587.0 68.0 VBERNATIO Eccleſiaſtica

284.0 1030.0 593.0 63.0 docet quodnam ſit omnium or¬

286 1080 593 58 dinum officium in cœtu fide¬

290 1121 582 69 lium, quæ vt rectè adminiſtre¬

91.0 1172.0 786.0 68.0 tur reſpiciendum eſt ad doctrinam & diſ¬

85.0 1228.0 790.0 63.0 ciplinam: in doctrina ſanitas requiritur, ſa¬

79.0 1279.0 795.0 58.0 na autem eſt quæ habet congruam loquen¬

81.0 1331.0 795.0 57.0 di interpretationem conuenientem in Euan¬

83.0 1370.0 791.0 65.0 gelio: diſciplina autem mores doctrinæ ſa¬

79.0 1426.0 797.0 60.0 næ conformes requirit, vtrunque procurare

85.0 1471.0 789.0 79.0 debent præſides Eccleſiarum, ac de ſana
