<?xml version="1.0" encoding="UTF-8"?>
<alto xmlns:xsi="http://www.w3.org/2001/XMLSchema-instance"
      xmlns="http://www.loc.gov/standards/alto/ns-v4#"
      xsi:schemaLocation="http://www.loc.gov/standards/alto/ns-v4# http://www.loc.gov/standards/alto/v4/alto-4-2.xsd">
  <Description>
    <MeasurementUnit>pixel</MeasurementUnit>
    <sourceImageInformation>
      <fileName>bsb10313792_00172.jpg</fileName>
    </sourceImageInformation>
  </Description>
  <Tags>
    <OtherTag ID="BT7" LABEL="CustomZone" DESCRIPTION="block type CustomZone"/><OtherTag ID="BT8" LABEL="DamageZone" DESCRIPTION="block type DamageZone"/><OtherTag ID="BT9" LABEL="DigitizationArtefactZone" DESCRIPTION="block type DigitizationArtefactZone"/><OtherTag ID="BT10" LABEL="DropCapitalZone" DESCRIPTION="block type DropCapitalZone"/><OtherTag ID="BT11" LABEL="GraphicZone" DESCRIPTION="block type GraphicZone"/><OtherTag ID="BT12" LABEL="MainZone" DESCRIPTION="block type MainZone"/><OtherTag ID="BT13" LABEL="MarginTextZone" DESCRIPTION="block type MarginTextZone"/><OtherTag ID="BT14" LABEL="MusicZone" DESCRIPTION="block type MusicZone"/><OtherTag ID="BT15" LABEL="NumberingZone" DESCRIPTION="block type NumberingZone"/><OtherTag ID="BT17" LABEL="QuireMarksZone" DESCRIPTION="block type QuireMarksZone"/><OtherTag ID="BT18" LABEL="RunningTitleZone" DESCRIPTION="block type RunningTitleZone"/><OtherTag ID="BT19" LABEL="SealZone" DESCRIPTION="block type SealZone"/><OtherTag ID="BT20" LABEL="StampZone" DESCRIPTION="block type StampZone"/><OtherTag ID="BT21" LABEL="TableZone" DESCRIPTION="block type TableZone"/><OtherTag ID="BT22" LABEL="TitlePageZone" DESCRIPTION="block type TitlePageZone"/><OtherTag ID="BT1851" LABEL="MainZone-P" DESCRIPTION="block type MainZone-P"/><OtherTag ID="BT1852" LABEL="MainZone-Head" DESCRIPTION="block type MainZone-Head"/><OtherTag ID="BT1853" LABEL="MainZone-P-Continued" DESCRIPTION="block type MainZone-P-Continued"/><OtherTag ID="BT1854" LABEL="MarginTextZone-ManuscriptAddendum" DESCRIPTION="block type MarginTextZone-ManuscriptAddendum"/><OtherTag ID="BT1855" LABEL="text" DESCRIPTION="block type text"/><OtherTag ID="BT1856" LABEL="MainZone-Entry" DESCRIPTION="block type MainZone-Entry"/><OtherTag ID="BT1857" LABEL="MainZone-Entry-Continued" DESCRIPTION="block type MainZone-Entry-Continued"/><OtherTag ID="BT1877" LABEL="GraphicZone-Decoration" DESCRIPTION="block type GraphicZone-Decoration"/><OtherTag ID="BT1894" LABEL="MainZone-Other" DESCRIPTION="block type MainZone-Other"/>
    <OtherTag ID="LT7" LABEL="CustomLine" DESCRIPTION="line type CustomLine"/><OtherTag ID="LT8" LABEL="DefaultLine" DESCRIPTION="line type DefaultLine"/><OtherTag ID="LT9" LABEL="DropCapitalLine" DESCRIPTION="line type DropCapitalLine"/><OtherTag ID="LT10" LABEL="HeadingLine" DESCRIPTION="line type HeadingLine"/><OtherTag ID="LT11" LABEL="InterlinearLine" DESCRIPTION="line type InterlinearLine"/><OtherTag ID="LT12" LABEL="MusicLine" DESCRIPTION="line type MusicLine"/><OtherTag ID="LT636" LABEL="default" DESCRIPTION="line type default"/>
  </Tags>
  <Layout>
    <Page WIDTH="1003"
          HEIGHT="1766"
          PHYSICAL_IMG_NR="156"
          ID="eSc_dummypage_">
      <PrintSpace HPOS="0"
                  VPOS="0"
                  WIDTH="1003"
                  HEIGHT="1766">
        <TextBlock HPOS="229"
                   VPOS="75"
                   WIDTH="67"
                   HEIGHT="46"
                   ID="block_4"
                   TAGREFS="BT15">
          <Shape><Polygon POINTS="296 75 296 121 229 121 229 75"/></Shape>
          <TextLine ID="line_0"
                    TAGREFS="LT8"
                    BASELINE="235 104 293 100" 
                    HPOS="231"
                    VPOS="75"
                    WIDTH="60"
                    HEIGHT="50">
            <Shape><Polygon POINTS="275 75 260 75 245 75 231 75 234 103 235 125 291 116 291 98 287 75 275 75"/></Shape>
	    <String CONTENT="164"
                    HPOS="231"
                    VPOS="75"
                    WIDTH="60"
                    HEIGHT="50"
                    WC="0.9999793767929077"></String>
          </TextLine>
        </TextBlock>
        <TextBlock HPOS="406"
                   VPOS="69"
                   WIDTH="444"
                   HEIGHT="45"
                   ID="block_0"
                   TAGREFS="BT18">
          <Shape><Polygon POINTS="850 69 850 114 406 114 406 69"/></Shape>
          <TextLine ID="line_1"
                    TAGREFS="LT10"
                    BASELINE="411 99 846 100" 
                    HPOS="410"
                    VPOS="70"
                    WIDTH="435"
                    HEIGHT="47">
            <Shape><Polygon POINTS="823 70 808 70 793 70 779 70 764 70 749 70 734 70 720 70 705 70 690 70 676 70 661 70 646 70 631 70 617 70 602 70 587 70 572 70 558 70 543 70 528 70 514 70 499 70 484 70 469 70 455 70 440 70 425 70 410 70 410 98 410 117 845 114 845 98 845 70 838 70"/></Shape>
	    <String CONTENT="COMMENTARII"
                    HPOS="410"
                    VPOS="70"
                    WIDTH="435"
                    HEIGHT="47"
                    WC="0.9991218881173567"></String>
          </TextLine>
        </TextBlock>
        <TextBlock HPOS="218"
                   VPOS="117"
                   WIDTH="777"
                   HEIGHT="935"
                   ID="block_3"
                   TAGREFS="BT1853">
          <Shape><Polygon POINTS="995 117 988 1052 218 1048 220 125"/></Shape>
          <TextLine ID="line_2"
                    TAGREFS="LT8"
                    BASELINE="226 155 736 155 981 146" 
                    HPOS="225.0"
                    VPOS="117.0"
                    WIDTH="756.0"
                    HEIGHT="57.0">
            <Shape><Polygon POINTS="961 122 951 122 942 122 932 122 922 122 912 122 902 122 893 122 883 122 873 122 863 122 853 122 844 122 834 122 824 122 814 122 805 122 804 122 794 122 785 122 775 122 765 122 755 122 745 122 736 122 726 122 716 122 715 122 706 122 696 122 686 122 677 122 673 122 667 122 657 122 647 122 637 122 628 122 618 122 608 122 598 122 596 122 592 123 585 122 579 122 569 122 559 122 549 122 539 122 529 122 528 123 527 124 525 123 522 122 520 122 510 122 500 122 490 122 480 122 471 122 461 122 451 122 446 122 441 122 431 122 422 122 412 122 402 122 392 122 382 122 372 122 363 122 353 122 343 122 334 122 329 126 328 127 225 127 226 155 226 166 263 171 264 171 265 171 277 166 278 166 291 172 292 172 293 172 336 166 360 173 361 173 362 173 398 165 399 165 419 174 420 174 421 174 422 174 422 174 434 165 465 172 466 172 467 172 484 166 500 173 501 173 502 173 634 166 695 172 696 172 772 166 782 171 783 171 784 171 785 171 786 171 792 165 804 170 805 170 806 170 807 170 824 161 825 161 859 167 860 167 928 160 930 160 931 160 941 167 942 167 943 167 944 167 980 159 981 146 979 117 961 117 961 122"/></Shape>
	    <String CONTENT="vt in officio ſit quàm diligentiſsimus. Ἐντολὴν"
                    HPOS="225.0"
                    VPOS="117.0"
                    WIDTH="756.0"
                    HEIGHT="57.0"></String>
          </TextLine>
          <TextLine ID="line_3"
                    TAGREFS="LT8"
                    BASELINE="224 206 670 205 981 195" 
                    HPOS="223.0"
                    VPOS="163.0"
                    WIDTH="758.0"
                    HEIGHT="65.0">
            <Shape><Polygon POINTS="224 206 225 224 240 217 266 217 286 223 304 228 305 228 306 228 307 228 317 222 325 218 334 222 335 222 336 222 337 222 338 222 339 222 350 215 408 215 439 219 472 224 473 224 474 224 490 218 501 215 515 218 549 225 550 225 551 225 577 219 637 224 638 224 765 216 804 222 805 222 806 222 831 212 866 221 867 221 868 221 869 221 870 221 889 209 891 208 980 207 981 195 979 163 863 163 862 163 861 163 860 163 859 164 852 170 802 173 770 166 761 164 760 164 750 166 712 175 637 175 619 168 618 168 617 168 616 168 593 176 517 176 508 169 505 167 504 167 503 167 502 167 476 170 424 176 409 171 406 170 405 170 404 170 386 171 292 179 275 173 268 170 267 170 266 170 223 173 224 206"/></Shape>
	    <String CONTENT="accipio pro officii præcepto: ſcopus enim e¬"
                    HPOS="223.0"
                    VPOS="163.0"
                    WIDTH="758.0"
                    HEIGHT="65.0"
                    WC="0.986291541294618"></String>
          </TextLine>
          <TextLine ID="line_4"
                    TAGREFS="LT8"
                    BASELINE="226 256 649 254 980 245" 
                    HPOS="225.0"
                    VPOS="208.0"
                    WIDTH="755.0"
                    HEIGHT="69.0">
            <Shape><Polygon POINTS="226 256 226 277 282 268 351 271 352 271 413 266 425 273 431 276 432 276 433 276 434 276 445 272 464 266 486 271 503 275 504 275 505 275 519 270 529 267 557 270 602 274 603 274 604 274 628 268 635 266 639 268 650 273 651 273 652 273 683 267 706 272 707 272 785 266 813 271 814 271 815 271 829 263 835 260 844 263 857 267 858 267 859 267 860 267 869 262 874 260 980 260 980 245 978 218 946 211 945 211 919 215 905 208 904 208 903 208 902 208 877 218 859 209 858 209 829 209 828 209 827 209 826 209 809 219 808 220 766 220 766 219 751 213 750 213 749 213 658 220 641 221 637 220 607 212 606 212 605 212 604 212 588 221 584 223 525 223 522 221 513 214 512 214 511 214 488 214 487 214 486 214 485 214 476 222 474 224 451 224 430 224 428 222 420 215 419 215 418 215 417 215 416 215 401 222 397 224 390 222 372 217 371 217 370 217 346 222 334 216 333 216 332 216 225 223 226 256"/></Shape>
	    <String CONTENT="piſtolæ huius eſt, vt quàm vigilantiſsimè exe¬"
                    HPOS="225.0"
                    VPOS="208.0"
                    WIDTH="755.0"
                    HEIGHT="69.0"
                    WC="0.9967513891557852"></String>
          </TextLine>
          <TextLine ID="line_5"
                    TAGREFS="LT8"
                    BASELINE="224 303 721 303 977 293" 
                    HPOS="224"
                    VPOS="258"
                    WIDTH="753"
                    HEIGHT="68">
            <Shape><Polygon POINTS="291 326 292 326 293 326 305 322 319 317 333 322 343 325 344 325 345 325 346 325 347 325 347 324 351 321 356 317 361 321 362 321 363 321 364 321 367 321 400 316 412 320 417 322 418 322 419 322 430 320 451 316 457 319 462 323 463 323 464 323 465 323 485 319 501 316 508 319 520 324 521 324 522 324 639 323 640 323 663 317 670 322 671 322 672 322 673 323 813 323 813 322 814 322 827 315 858 321 859 321 860 321 861 321 872 312 873 311 977 311 977 293 974 258 938 263 932 259 931 259 930 259 869 259 868 259 867 259 866 259 865 259 859 264 842 260 833 259 832 259 831 259 826 260 807 268 791 261 787 259 786 259 785 259 784 259 783 259 780 261 769 269 749 263 748 263 747 263 709 271 696 263 695 263 694 263 693 263 689 263 652 272 563 272 548 267 532 261 531 261 530 261 529 261 528 261 521 267 516 271 465 273 459 269 454 265 453 265 452 265 451 265 429 269 421 262 420 262 419 262 383 262 382 262 381 262 380 262 367 271 363 274 328 274 316 272 263 264 262 264 261 264 260 264 243 274 242 275 224 275 224 303 224 323"/></Shape>
	    <String CONTENT="quatur officium ſuum in Eccleſia Epheſina."
                    HPOS="224"
                    VPOS="258"
                    WIDTH="753"
                    HEIGHT="68"
                    WC="0.972109188636144"></String>
          </TextLine>
          <TextLine ID="line_6"
                    TAGREFS="LT8"
                    BASELINE="224 353 766 351 976 341" 
                    HPOS="223.0"
                    VPOS="308.0"
                    WIDTH="753.0"
                    HEIGHT="68.0">
            <Shape><Polygon POINTS="224 353 224 366 289 369 303 376 304 376 305 376 306 376 336 366 361 374 362 374 363 374 477 366 501 374 502 374 503 374 504 374 505 374 521 364 536 372 537 372 538 372 539 372 557 363 580 373 580 373 581 374 628 374 628 373 629 373 630 373 638 367 752 372 753 372 754 372 791 363 803 366 804 366 805 366 832 362 857 371 858 371 859 371 860 371 883 361 912 361 928 368 929 368 930 368 931 368 932 368 944 360 976 359 976 341 973 308 871 309 870 309 869 309 854 321 791 321 766 312 765 312 764 312 763 312 741 321 675 321 659 311 658 311 657 311 656 311 655 311 633 323 565 323 554 317 553 317 552 317 515 323 500 317 499 317 498 317 452 322 438 313 437 312 436 312 435 312 434 312 433 312 429 313 414 317 398 313 394 313 393 313 392 313 391 313 374 324 339 324 315 314 313 314 312 314 311 314 310 314 307 315 269 325 246 315 242 314 241 314 240 314 223 315 224 353"/></Shape>
	    <String CONTENT="Itaque ad hoc præceptũ pertinet quidquid"
                    HPOS="223.0"
                    VPOS="308.0"
                    WIDTH="753.0"
                    HEIGHT="68.0"
                    WC="0.9986374799798174"></String>
          </TextLine>
          <TextLine ID="line_7"
                    TAGREFS="LT8"
                    BASELINE="222 403 771 400 972 390" 
                    HPOS="221.0"
                    VPOS="357.0"
                    WIDTH="751.0"
                    HEIGHT="63.0">
            <Shape><Polygon POINTS="222 403 222 414 254 419 255 419 317 414 352 418 353 418 354 418 367 414 441 420 442 420 443 420 462 414 487 420 488 420 489 420 490 420 491 420 506 411 507 411 522 411 523 411 534 419 535 419 536 419 537 419 569 414 592 419 593 419 594 419 595 419 596 419 604 415 774 417 775 417 776 417 777 417 784 411 820 410 868 416 869 416 870 416 871 416 887 407 887 406 971 405 972 390 970 361 905 357 904 357 903 357 888 361 859 368 801 364 800 364 708 369 678 363 673 363 672 363 671 363 669 363 659 368 653 363 650 361 649 361 648 361 647 361 646 361 638 363 621 371 591 371 574 364 565 361 564 361 511 361 510 361 509 361 508 361 503 364 494 373 480 373 468 365 462 362 461 362 460 362 415 362 414 362 413 362 400 366 385 371 358 368 357 368 356 368 355 368 349 374 315 374 302 367 294 363 293 363 292 363 221 367 222 403"/></Shape>
	    <String CONTENT="hactenus dixit de ſana doctrina retinenda &amp;"
                    HPOS="221.0"
                    VPOS="357.0"
                    WIDTH="751.0"
                    HEIGHT="63.0"
                    WC="0.9940918628559556"></String>
          </TextLine>
          <TextLine ID="line_8"
                    TAGREFS="LT8"
                    BASELINE="225 451 747 450 966 439" 
                    HPOS="224.0"
                    VPOS="406.0"
                    WIDTH="742.0"
                    HEIGHT="68.0">
            <Shape><Polygon POINTS="962 410 957 406 956 406 955 406 881 406 880 406 879 406 859 414 854 415 851 414 843 407 842 407 841 407 819 407 818 407 817 407 816 407 807 414 802 417 770 417 746 415 735 413 734 413 705 415 648 418 630 415 601 409 600 409 566 415 548 418 541 415 529 410 528 410 527 410 527 410 516 415 508 419 492 415 469 410 468 410 467 410 466 410 448 415 440 418 430 415 424 415 423 415 422 415 392 416 310 421 303 416 297 412 296 412 295 412 294 412 293 412 282 416 273 420 264 416 252 412 251 412 250 412 224 416 225 451 226 471 239 466 263 470 279 474 280 474 281 474 296 470 301 469 318 470 390 473 391 473 419 468 444 464 466 467 482 470 483 470 484 470 491 467 498 464 535 465 537 467 544 471 545 471 546 471 547 471 707 470 708 470 709 470 721 464 724 462 727 464 742 470 743 470 744 470 791 465 843 469 844 469 844 469 864 461 865 460 965 459 966 439 965 432 962 410"/></Shape>
	    <String CONTENT="&amp; propaganda: de ſectariis vitandis, de ele¬"
                    HPOS="224.0"
                    VPOS="406.0"
                    WIDTH="742.0"
                    HEIGHT="68.0"
                    WC="0.9858103597706015"></String>
          </TextLine>
          <TextLine ID="line_9"
                    TAGREFS="LT8"
                    BASELINE="224 501 805 498 967 488" 
                    HPOS="223.0"
                    VPOS="458.0"
                    WIDTH="744.0"
                    HEIGHT="63.0">
            <Shape><Polygon POINTS="224 501 224 515 235 519 236 519 237 519 238 519 250 515 253 514 301 514 306 514 355 521 356 521 411 513 415 513 417 513 430 518 431 518 432 518 433 518 440 514 453 521 454 521 455 521 456 521 457 521 458 521 474 513 474 512 475 513 483 519 484 519 485 519 547 521 548 521 581 520 582 520 600 511 601 511 603 511 640 520 641 520 642 520 701 516 762 519 763 519 764 519 786 514 792 519 793 519 794 519 795 519 851 519 851 519 852 519 867 513 879 518 880 518 881 518 882 518 902 508 903 508 966 508 967 488 965 458 922 458 921 458 920 458 919 458 907 464 882 459 875 458 874 458 873 458 872 458 872 459 871 459 861 467 829 460 827 460 826 460 825 460 824 460 814 468 763 469 741 469 728 462 726 461 725 461 724 461 712 462 654 470 605 470 590 465 583 462 582 462 581 462 580 462 571 465 557 468 550 465 543 462 542 462 491 462 490 462 489 462 488 462 481 467 478 468 475 467 470 462 469 462 468 462 440 462 439 462 438 462 416 467 399 472 317 472 313 469 304 466 303 466 302 466 301 466 300 466 295 469 290 473 269 473 265 470 258 464 257 464 256 464 231 464 230 464 229 464 228 464 223 467 224 501"/></Shape>
	    <String CONTENT="ctione miniſtrorũ grauiter obeunda, de mo"
                    HPOS="223.0"
                    VPOS="458.0"
                    WIDTH="744.0"
                    HEIGHT="63.0"
                    WC="0.9957455581142789"></String>
          </TextLine>
          <TextLine ID="line_10"
                    TAGREFS="LT8"
                    BASELINE="224 549 774 548 977 541" 
                    HPOS="223.0"
                    VPOS="507.0"
                    WIDTH="754.0"
                    HEIGHT="62.0">
            <Shape><Polygon POINTS="224 549 225 566 240 561 293 565 305 566 306 566 307 566 309 565 316 562 322 565 329 568 330 568 331 568 346 565 363 560 522 560 526 562 534 569 535 569 536 569 537 569 582 563 610 568 611 568 612 568 613 568 622 561 624 561 662 568 663 568 769 567 770 567 771 567 779 561 791 567 791 567 792 568 837 568 837 567 838 567 839 567 846 561 938 563 939 563 976 556 977 541 975 507 928 507 927 507 926 507 924 508 910 515 865 511 864 511 863 511 846 518 831 510 828 508 827 508 781 508 780 508 779 508 769 511 743 519 708 512 698 511 697 511 696 511 695 511 693 513 682 519 645 519 634 514 624 509 623 509 622 509 621 509 620 509 613 514 605 519 570 520 518 520 506 517 483 510 482 510 481 510 441 516 424 510 423 510 422 510 422 510 399 519 394 520 390 519 378 515 377 515 376 515 333 520 326 520 321 520 244 511 243 511 242 511 223 520 224 549"/></Shape>
	    <String CONTENT="deratione &amp; lenitate corrigendi peccatores,"
                    HPOS="223.0"
                    VPOS="507.0"
                    WIDTH="754.0"
                    HEIGHT="62.0"
                    WC="0.9978036617123803"></String>
          </TextLine>
          <TextLine ID="line_11"
                    TAGREFS="LT8"
                    BASELINE="224 599 785 597 963 589" 
                    HPOS="223.0"
                    VPOS="553.0"
                    WIDTH="740.0"
                    HEIGHT="68.0">
            <Shape><Polygon POINTS="224 599 224 611 266 621 267 621 311 616 316 620 317 620 318 620 319 620 320 620 343 613 349 618 350 618 351 618 352 618 389 612 403 616 404 616 405 616 406 616 407 616 415 611 446 620 447 620 448 620 449 620 488 610 517 619 518 619 519 620 602 620 602 619 603 619 604 619 620 609 762 618 763 618 807 611 840 615 841 615 842 615 865 606 962 605 963 589 962 562 943 553 942 553 941 553 940 553 912 562 910 562 909 562 884 554 883 554 882 554 881 554 860 562 851 566 799 566 792 562 778 555 777 555 776 555 775 555 774 555 766 562 760 567 645 567 639 562 633 556 632 556 631 556 630 556 629 556 618 562 607 567 596 562 584 556 583 556 582 556 581 556 580 556 574 562 573 562 557 557 556 557 555 557 554 557 541 562 538 563 535 562 524 556 523 556 522 556 463 557 462 557 461 557 455 562 446 568 428 562 416 557 415 557 370 557 369 557 369 557 356 562 338 568 328 562 328 561 327 561 326 561 325 561 324 561 321 562 297 569 273 568 264 562 261 558 260 558 259 558 258 558 223 561 224 599"/></Shape>
	    <String CONTENT="de precibus aſsiduè habendis, de vitãdo om¬"
                    HPOS="223.0"
                    VPOS="553.0"
                    WIDTH="740.0"
                    HEIGHT="68.0"></String>
          </TextLine>
          <TextLine ID="line_12"
                    TAGREFS="LT8"
                    BASELINE="224 649 723 647 965 640" 
                    HPOS="223.0"
                    VPOS="605.0"
                    WIDTH="742.0"
                    HEIGHT="65.0">
            <Shape><Polygon POINTS="224 649 224 663 288 663 289 663 316 670 316 670 317 670 354 662 356 662 358 662 381 670 382 670 383 670 384 670 404 663 451 670 452 670 501 661 503 661 504 661 561 669 562 669 624 664 669 668 670 668 671 668 672 668 672 667 681 659 682 659 708 659 709 659 722 667 723 667 724 667 725 667 766 662 783 667 784 667 785 667 786 667 800 660 812 666 813 666 814 666 867 658 916 665 917 665 964 656 965 640 963 611 939 606 938 606 914 611 905 613 901 611 889 605 888 605 848 605 847 605 846 605 829 612 802 605 801 605 800 605 799 605 798 605 790 613 787 616 712 616 708 614 691 608 690 608 689 608 688 608 687 608 682 612 638 607 637 607 636 607 635 607 630 612 615 607 614 607 613 607 612 607 611 607 599 615 560 609 559 609 520 617 516 617 515 617 498 608 497 608 455 608 454 608 453 608 452 608 440 618 438 618 415 618 414 618 404 609 403 609 402 609 362 609 361 609 360 609 320 619 319 620 223 620 224 649"/></Shape>
	    <String CONTENT="ni vitæ ſcandalo. Quò facit quod addit, τηρῆ¬"
                    HPOS="223.0"
                    VPOS="605.0"
                    WIDTH="742.0"
                    HEIGHT="65.0"></String>
          </TextLine>
          <TextLine ID="line_13"
                    TAGREFS="LT8"
                    BASELINE="223 697 827 695 972 687" 
                    HPOS="222.0"
                    VPOS="654.0"
                    WIDTH="750.0"
                    HEIGHT="64.0">
            <Shape><Polygon POINTS="223 697 223 710 253 718 254 718 255 718 276 710 277 710 313 710 327 717 328 717 329 717 380 709 386 709 397 709 546 718 547 718 603 708 605 708 607 708 684 717 685 717 786 716 787 716 802 709 819 716 820 716 821 717 873 717 873 716 971 705 972 687 970 654 897 654 896 654 895 654 892 655 868 665 841 656 836 655 835 655 834 655 833 655 829 657 809 667 718 667 706 659 701 656 700 656 699 656 678 656 677 656 676 656 675 656 671 660 661 668 633 668 624 661 623 660 622 660 621 660 620 660 606 661 564 666 558 662 548 656 547 656 546 656 545 656 544 656 531 663 527 665 520 663 498 657 497 657 496 657 495 657 475 664 463 668 439 665 398 659 397 659 396 659 379 666 371 659 370 659 369 659 334 658 333 658 332 658 304 668 302 668 301 668 271 658 270 658 269 658 268 658 246 669 245 670 222 670 223 697"/></Shape>
	    <String CONTENT="σαί σε ἄπηλον καὶ ἀνεπίληπτον, nam inculpatus"
                    HPOS="222.0"
                    VPOS="654.0"
                    WIDTH="750.0"
                    HEIGHT="64.0"></String>
          </TextLine>
          <TextLine ID="line_14"
                    TAGREFS="LT8"
                    BASELINE="223 745 716 744 970 737" 
                    HPOS="222.0"
                    VPOS="704.0"
                    WIDTH="748.0"
                    HEIGHT="62.0">
            <Shape><Polygon POINTS="223 745 223 757 279 757 280 757 291 766 292 766 293 766 294 766 295 766 309 760 354 765 355 765 356 765 383 756 384 756 385 756 401 763 402 763 403 763 484 756 499 763 500 763 628 764 629 764 630 764 665 754 667 754 684 754 685 754 695 763 696 763 697 763 698 763 753 757 782 762 783 762 784 762 796 756 813 762 814 762 815 763 857 763 857 762 858 762 871 756 897 762 898 762 899 762 924 752 925 752 969 752 970 737 967 706 837 713 816 708 798 704 797 704 796 704 787 709 777 714 715 714 703 710 691 706 690 706 689 706 688 706 687 706 682 711 677 715 628 715 612 712 582 705 581 705 580 705 561 713 554 715 542 713 526 710 525 710 499 714 489 715 485 714 464 706 463 706 437 706 436 706 435 706 434 706 422 714 391 706 390 706 389 706 293 711 261 707 260 707 259 707 222 718 223 745"/></Shape>
	    <String CONTENT="eſſe &amp; labe carere aliter nõ poteſt omnis mi¬"
                    HPOS="222.0"
                    VPOS="704.0"
                    WIDTH="748.0"
                    HEIGHT="62.0"></String>
          </TextLine>
          <TextLine ID="line_15"
                    TAGREFS="LT8"
                    BASELINE="223 794 833 792 975 786" 
                    HPOS="222.0"
                    VPOS="752.0"
                    WIDTH="753.0"
                    HEIGHT="63.0">
            <Shape><Polygon POINTS="223 794 223 809 335 807 343 809 370 815 371 815 372 815 373 815 384 808 386 807 393 808 422 814 422 814 493 808 529 815 530 815 531 815 557 807 558 807 581 815 582 815 583 815 609 809 615 814 616 814 617 814 618 814 716 809 755 814 756 814 791 806 805 813 806 813 807 814 879 814 879 813 922 804 924 804 975 804 975 786 972 754 925 761 780 761 768 757 752 752 751 752 750 752 716 757 692 761 686 758 675 752 674 752 673 752 672 752 660 758 654 762 614 762 610 759 603 753 602 753 601 753 600 753 599 753 587 759 582 762 571 760 558 757 557 757 540 760 528 762 521 760 494 753 493 753 492 753 466 759 442 753 441 753 440 753 343 754 342 754 315 763 302 755 301 755 300 755 249 754 248 754 247 754 222 764 223 794"/></Shape>
	    <String CONTENT="niſter niſi illa ſeruet Apoſtoli præcepta, cùm"
                    HPOS="222.0"
                    VPOS="752.0"
                    WIDTH="753.0"
                    HEIGHT="63.0"></String>
          </TextLine>
          <TextLine ID="line_16"
                    TAGREFS="LT8"
                    BASELINE="223 843 955 838" 
                    HPOS="222.0"
                    VPOS="802.0"
                    WIDTH="733.0"
                    HEIGHT="62.0">
            <Shape><Polygon POINTS="223 843 223 855 265 864 266 864 267 864 292 855 352 855 369 855 369 855 433 861 434 861 465 855 514 863 515 863 516 863 517 863 525 857 557 861 558 861 559 861 560 861 569 854 596 862 597 862 598 863 662 863 662 862 663 862 676 855 686 861 687 861 688 862 761 862 761 861 845 852 850 852 860 858 861 858 862 858 909 860 910 860 911 860 912 860 922 852 955 852 955 838 953 802 887 802 886 802 883 802 840 811 784 803 782 803 781 803 780 803 779 803 769 812 735 803 732 803 731 803 730 803 729 803 714 812 670 807 669 807 668 807 653 814 591 814 564 805 563 805 534 805 533 805 532 805 510 815 442 815 412 807 411 807 410 807 409 807 398 814 354 808 353 808 352 808 351 808 343 815 301 815 289 807 288 806 287 806 286 806 285 806 222 807 223 843"/></Shape>
	    <String CONTENT="ἐντολὴ tamen maneat ἄπηλος &amp; ἀνεπίληπτος."
                    HPOS="222.0"
                    VPOS="802.0"
                    WIDTH="733.0"
                    HEIGHT="62.0"></String>
          </TextLine>
          <TextLine ID="line_17"
                    TAGREFS="LT8"
                    BASELINE="274 892 974 886" 
                    HPOS="273"
                    VPOS="849"
                    WIDTH="701"
                    HEIGHT="67">
            <Shape><Polygon POINTS="274 906 291 906 292 906 304 916 305 916 306 916 307 916 389 906 396 905 400 905 431 912 432 912 433 912 458 905 459 905 460 905 499 914 500 914 564 905 573 911 574 911 575 911 618 913 619 913 620 913 621 913 621 912 631 903 632 903 642 903 644 903 658 911 659 911 739 913 740 913 822 912 823 912 824 912 836 902 836 901 861 901 862 901 881 911 882 911 883 911 884 911 885 911 894 903 910 907 911 907 912 907 973 900 974 886 973 855 964 849 963 849 962 849 923 849 922 849 921 849 920 849 910 857 904 861 853 862 699 862 693 858 686 851 685 851 684 851 683 851 682 851 661 858 649 862 605 860 604 859 595 852 594 852 593 852 520 852 519 852 518 852 503 859 494 863 480 859 456 853 455 853 454 853 409 858 370 854 369 854 355 860 343 865 319 865 312 860 299 854 298 854 297 854 296 854 273 860 274 892"/></Shape>
	    <String CONTENT="Quod addit ad finem de apparitione Do"
                    HPOS="273"
                    VPOS="849"
                    WIDTH="701"
                    HEIGHT="67"
                    WC="0.9924612303037901"></String>
          </TextLine>
          <TextLine ID="line_18"
                    TAGREFS="LT8"
                    BASELINE="224 944 800 941 977 934" 
                    HPOS="223.0"
                    VPOS="900.0"
                    WIDTH="754.0"
                    HEIGHT="67.0">
            <Shape><Polygon POINTS="224 944 224 958 302 960 316 967 316 967 317 967 318 967 348 957 350 957 356 957 391 961 392 961 459 956 468 956 469 956 481 965 482 965 483 965 484 965 538 960 671 964 672 964 707 957 715 963 716 963 717 963 718 963 771 957 829 963 830 963 831 963 832 963 832 962 840 956 889 961 890 961 976 951 977 934 974 900 939 901 938 901 937 901 924 910 867 903 866 903 865 903 852 910 789 905 788 905 787 905 786 905 777 912 729 912 697 904 691 903 690 903 689 903 688 903 687 904 678 913 624 913 603 905 595 903 594 903 593 903 592 903 584 906 577 909 572 906 569 904 568 904 567 904 566 904 565 904 557 906 540 911 530 907 525 904 524 904 523 904 500 907 455 914 425 908 407 905 380 905 379 905 378 905 377 905 372 909 368 913 359 909 348 905 347 905 346 905 345 905 344 905 337 910 327 916 302 916 294 910 288 906 287 906 286 906 285 906 261 911 244 914 223 912 224 944"/></Shape>
	    <String CONTENT="mini, habet argumentum à ſpe præmiorum"
                    HPOS="223.0"
                    VPOS="900.0"
                    WIDTH="754.0"
                    HEIGHT="67.0"
                    WC="0.9903916181662143"></String>
          </TextLine>
          <TextLine ID="line_19"
                    TAGREFS="LT8"
                    BASELINE="224 992 979 986" 
                    HPOS="223.0"
                    VPOS="950.0"
                    WIDTH="756.0"
                    HEIGHT="64.0">
            <Shape><Polygon POINTS="224 992 224 1008 316 1008 324 1013 325 1013 326 1013 327 1013 328 1013 346 1008 348 1007 350 1008 366 1014 367 1014 368 1014 416 1009 425 1014 426 1014 427 1014 428 1014 447 1008 453 1006 459 1008 476 1013 477 1013 478 1013 511 1008 523 1006 527 1008 535 1011 536 1011 537 1011 538 1011 539 1011 543 1008 548 1005 565 1008 589 1012 590 1012 613 1008 624 1006 630 1008 640 1012 641 1012 642 1012 718 1008 743 1007 788 1008 858 1010 859 1010 860 1010 861 1010 863 1008 870 1003 886 1008 889 1009 890 1009 891 1009 892 1009 893 1009 894 1008 900 1002 919 1008 922 1009 923 1009 924 1009 925 1009 926 1009 927 1008 937 1002 960 1002 977 1008 979 986 977 950 950 950 949 950 948 950 925 959 898 951 896 950 895 950 894 950 893 950 891 951 869 961 803 961 786 953 782 951 781 951 780 951 771 953 738 961 709 954 701 952 700 952 699 952 688 954 654 963 601 963 578 956 566 953 565 953 564 953 563 953 554 956 536 963 510 957 508 957 507 957 506 957 505 957 497 964 464 964 453 958 445 954 444 954 443 954 416 958 394 962 381 959 372 957 371 957 370 957 369 957 369 957 366 959 359 965 272 965 267 961 263 956 262 956 261 956 260 956 223 961 224 992"/></Shape>
	    <String CONTENT="&amp; metu pœnarum: nam iudex ille erit &amp; red¬"
                    HPOS="223.0"
                    VPOS="950.0"
                    WIDTH="756.0"
                    HEIGHT="64.0"></String>
          </TextLine>
          <TextLine ID="line_20"
                    TAGREFS="LT8"
                    BASELINE="227 1040 857 1040" 
                    HPOS="226"
                    VPOS="999"
                    WIDTH="628"
                    HEIGHT="67">
            <Shape><Polygon POINTS="226 1038 226 1066 397 1066 427 1058 435 1065 474 1058 481 1065 516 1058 546 1065 552 1065 561 1058 602 1065 608 1064 614 1058 671 1058 681 1065 731 1058 854 1061 854 1002 329 1006 304 999 273 1006 245 999 226 1006 226 1038"/></Shape>
	    <String CONTENT="det ſingulis pro factis ſuis condigna."
                    HPOS="226"
                    VPOS="999"
                    WIDTH="628"
                    HEIGHT="67"
                    WC="0.9994769221857974"></String>
          </TextLine>
          <TextLine ID="line_21"
                    TAGREFS="LT8"
                    BASELINE="319 1142 987 1138" 
                    HPOS="318.0"
                    VPOS="1101.0"
                    WIDTH="669.0"
                    HEIGHT="62.0">
            <Shape><Polygon POINTS="319 1142 320 1158 334 1152 461 1152 480 1156 494 1158 495 1158 496 1158 502 1155 509 1151 514 1155 523 1162 524 1162 525 1162 526 1163 545 1163 545 1162 546 1162 561 1154 566 1152 578 1154 610 1160 611 1160 655 1153 656 1153 675 1161 676 1161 677 1161 678 1161 694 1152 695 1152 696 1152 723 1159 724 1159 725 1159 790 1155 799 1161 800 1161 801 1161 802 1161 884 1160 885 1160 900 1153 937 1158 938 1158 987 1147 987 1138 984 1103 946 1108 929 1104 919 1101 918 1101 917 1101 916 1101 909 1104 895 1111 788 1111 777 1106 767 1102 766 1102 765 1102 764 1102 752 1107 741 1111 724 1107 699 1102 698 1102 697 1102 696 1102 689 1108 686 1112 622 1112 616 1109 608 1105 607 1105 606 1105 574 1110 559 1112 546 1110 493 1103 492 1103 491 1103 467 1112 464 1113 460 1112 439 1104 438 1104 418 1104 417 1104 416 1104 415 1104 403 1113 394 1105 393 1105 392 1105 362 1104 361 1104 318 1114 319 1142"/></Shape>
	    <String CONTENT="Abſoluit argumentum ab apparitione"
                    HPOS="318.0"
                    VPOS="1101.0"
                    WIDTH="669.0"
                    HEIGHT="62.0"></String>
          </TextLine>
          <TextLine ID="line_22"
                    TAGREFS="LT8"
                    BASELINE="227 1193 450 1188 986 1188" 
                    HPOS="226.0"
                    VPOS="1148.0"
                    WIDTH="760.0"
                    HEIGHT="62.0">
            <Shape><Polygon POINTS="227 1193 228 1210 262 1200 332 1200 350 1206 351 1206 352 1206 403 1200 423 1207 429 1209 430 1209 431 1209 432 1209 433 1209 435 1207 440 1204 459 1206 481 1209 482 1209 483 1209 495 1206 516 1199 603 1199 611 1204 617 1208 618 1208 619 1208 620 1208 640 1203 655 1200 707 1202 830 1208 831 1208 985 1197 986 1188 985 1148 897 1148 896 1148 895 1148 893 1149 868 1158 829 1159 789 1159 766 1151 765 1151 764 1151 763 1151 762 1151 750 1159 717 1159 686 1151 683 1151 682 1151 681 1151 680 1151 670 1159 626 1159 604 1152 593 1149 592 1149 591 1149 590 1149 583 1152 573 1159 517 1159 509 1153 505 1150 504 1150 503 1150 502 1150 484 1154 457 1160 426 1160 418 1154 411 1150 410 1150 409 1150 336 1150 335 1150 304 1156 285 1159 274 1156 255 1150 254 1150 253 1150 226 1156 227 1193"/></Shape>
	    <String CONTENT="Domini ſumptum. Ac cauet tergiuerſatione"
                    HPOS="226.0"
                    VPOS="1148.0"
                    WIDTH="760.0"
                    HEIGHT="62.0"></String>
          </TextLine>
          <TextLine ID="line_23"
                    TAGREFS="LT8"
                    BASELINE="224 1240 457 1236 789 1241 987 1238" 
                    HPOS="223.0"
                    VPOS="1199.0"
                    WIDTH="764.0"
                    HEIGHT="60.0">
            <Shape><Polygon POINTS="224 1240 223 1250 250 1254 251 1254 252 1254 263 1250 274 1247 279 1250 291 1258 292 1258 293 1258 294 1258 295 1258 296 1258 307 1250 313 1247 409 1247 414 1249 420 1253 421 1253 422 1253 422 1253 423 1253 424 1253 430 1249 434 1247 440 1249 464 1258 465 1258 466 1258 467 1258 468 1258 478 1249 479 1248 484 1249 506 1254 507 1254 508 1254 525 1249 531 1247 537 1249 552 1254 553 1254 554 1254 593 1250 603 1257 604 1257 605 1257 606 1257 607 1257 608 1257 617 1251 652 1258 653 1258 654 1258 684 1250 717 1258 718 1259 795 1259 795 1258 796 1258 815 1252 828 1258 829 1258 830 1259 891 1259 891 1258 892 1258 893 1258 901 1251 912 1256 913 1256 914 1256 986 1246 987 1238 984 1199 953 1205 938 1199 937 1199 936 1199 935 1199 934 1199 933 1199 913 1208 891 1208 879 1200 878 1199 877 1199 876 1199 875 1199 874 1199 870 1200 847 1208 739 1208 728 1202 721 1199 720 1199 689 1199 688 1199 644 1203 595 1207 581 1204 565 1199 564 1199 485 1199 484 1199 483 1199 470 1205 465 1207 453 1205 428 1201 427 1201 377 1206 374 1206 360 1199 359 1199 358 1199 357 1199 341 1207 339 1208 263 1208 249 1208 239 1200 238 1200 237 1200 236 1200 235 1200 224 1206 224 1240"/></Shape>
	    <String CONTENT="impiorum, qui ſolent opinione longæ moræ"
                    HPOS="223.0"
                    VPOS="1199.0"
                    WIDTH="764.0"
                    HEIGHT="60.0"></String>
          </TextLine>
          <TextLine ID="line_24"
                    TAGREFS="LT8"
                    BASELINE="221 1285 984 1288" 
                    HPOS="220.0"
                    VPOS="1246.0"
                    WIDTH="764.0"
                    HEIGHT="61.0">
            <Shape><Polygon POINTS="221 1285 220 1299 248 1304 249 1304 250 1304 261 1299 269 1297 277 1299 289 1304 290 1304 291 1304 292 1304 302 1299 309 1297 334 1299 359 1302 360 1302 374 1299 384 1298 388 1299 400 1305 401 1305 402 1305 437 1300 456 1305 457 1305 458 1305 459 1305 477 1299 483 1298 542 1298 551 1299 585 1306 586 1306 618 1298 624 1298 630 1298 652 1306 653 1306 654 1307 685 1307 685 1306 686 1306 700 1299 709 1306 710 1306 711 1306 844 1307 844 1307 899 1298 916 1304 917 1304 918 1304 983 1298 984 1288 984 1253 976 1247 975 1247 974 1247 897 1247 896 1247 895 1247 894 1247 881 1255 876 1259 826 1259 822 1255 813 1248 812 1248 811 1248 810 1248 759 1256 740 1258 597 1258 592 1256 564 1246 563 1246 562 1246 561 1246 541 1256 538 1257 534 1256 511 1247 510 1247 509 1247 508 1247 486 1256 483 1257 480 1256 472 1251 471 1251 470 1251 469 1251 456 1256 454 1256 453 1256 434 1249 433 1249 432 1249 431 1249 418 1253 379 1246 303 1246 302 1246 301 1246 300 1246 291 1252 283 1246 282 1246 281 1246 280 1246 279 1246 278 1246 264 1256 244 1246 243 1246 242 1246 241 1246 221 1255 221 1285"/></Shape>
	    <String CONTENT="inſolẽtiùs peccare: hos reprimit dicendo, Ve"
                    HPOS="220.0"
                    VPOS="1246.0"
                    WIDTH="764.0"
                    HEIGHT="61.0"></String>
          </TextLine>
          <TextLine ID="line_25"
                    TAGREFS="LT8"
                    BASELINE="219 1335 826 1339 982 1333" 
                    HPOS="218.0"
                    VPOS="1296.0"
                    WIDTH="764.0"
                    HEIGHT="61.0">
            <Shape><Polygon POINTS="219 1335 218 1346 264 1351 265 1351 266 1351 267 1351 273 1347 281 1352 282 1352 283 1352 284 1352 312 1347 313 1347 356 1354 357 1355 403 1355 403 1354 404 1354 431 1347 432 1347 434 1347 465 1356 466 1356 467 1356 468 1356 501 1348 536 1356 537 1356 538 1356 713 1349 742 1357 743 1357 744 1357 981 1348 982 1333 981 1303 934 1298 933 1298 932 1298 931 1298 923 1303 916 1308 811 1308 798 1303 784 1298 783 1298 782 1298 781 1298 780 1298 772 1304 767 1307 759 1304 741 1298 740 1298 739 1298 739 1298 726 1304 721 1307 665 1307 660 1304 648 1297 647 1297 646 1297 645 1297 570 1305 565 1305 564 1305 553 1297 552 1297 551 1297 550 1297 478 1302 465 1297 464 1297 463 1297 462 1297 425 1305 422 1306 421 1305 396 1296 395 1296 394 1296 349 1304 337 1297 336 1297 335 1297 305 1296 304 1296 303 1296 270 1306 269 1307 219 1307 219 1335"/></Shape>
	    <String CONTENT="niet tandem quod prædico. Sunt autem ἵδιοι"
                    HPOS="218.0"
                    VPOS="1296.0"
                    WIDTH="764.0"
                    HEIGHT="61.0"></String>
          </TextLine>
          <TextLine ID="line_26"
                    TAGREFS="LT8"
                    BASELINE="228 1389 839 1388 976 1383" 
                    HPOS="227.0"
                    VPOS="1347.0"
                    WIDTH="749.0"
                    HEIGHT="60.0">
            <Shape><Polygon POINTS="228 1389 228 1400 276 1406 277 1407 332 1407 332 1406 333 1406 359 1400 361 1400 420 1400 421 1400 430 1404 431 1404 432 1404 433 1404 434 1404 439 1401 446 1406 447 1406 448 1406 449 1406 450 1406 476 1400 528 1406 529 1406 530 1406 546 1400 575 1405 576 1405 577 1405 593 1399 594 1399 598 1399 668 1405 669 1405 721 1401 830 1405 831 1405 975 1397 976 1383 974 1347 945 1347 944 1347 943 1347 942 1347 926 1357 915 1351 914 1351 913 1351 912 1351 903 1355 858 1348 847 1347 846 1347 845 1347 839 1349 814 1354 790 1350 789 1350 788 1350 787 1350 776 1359 723 1359 703 1350 696 1348 695 1348 694 1348 693 1348 682 1350 653 1359 603 1359 588 1352 584 1350 583 1350 582 1350 569 1352 534 1358 500 1353 464 1349 420 1349 419 1349 418 1349 401 1355 399 1355 398 1355 373 1349 372 1349 371 1349 370 1349 369 1349 359 1355 354 1359 349 1356 347 1354 346 1354 345 1354 344 1354 343 1354 342 1354 340 1356 335 1359 285 1358 283 1357 265 1350 264 1350 263 1350 227 1357 228 1389"/></Shape>
	    <String CONTENT="καιροί, ea tempora, quæ iudicio nouiſsimo de"
                    HPOS="227.0"
                    VPOS="1347.0"
                    WIDTH="749.0"
                    HEIGHT="60.0"></String>
          </TextLine>
          <TextLine ID="line_27"
                    TAGREFS="LT8"
                    BASELINE="228 1435 830 1437 976 1431" 
                    HPOS="228.0"
                    VPOS="1396.0"
                    WIDTH="748.0"
                    HEIGHT="62.0">
            <Shape><Polygon POINTS="228 1435 228 1458 283 1458 283 1457 287 1457 325 1449 354 1454 355 1454 356 1454 386 1447 518 1451 523 1454 530 1457 531 1457 532 1457 554 1453 566 1451 590 1451 594 1453 604 1457 605 1457 606 1457 607 1457 622 1452 626 1451 630 1452 648 1457 649 1457 650 1458 806 1458 806 1457 807 1457 827 1449 846 1454 847 1454 848 1454 849 1454 862 1450 870 1455 871 1455 872 1455 873 1455 874 1455 896 1448 898 1447 975 1447 976 1431 974 1396 929 1396 928 1396 927 1396 900 1406 811 1406 796 1399 795 1399 794 1399 759 1405 685 1405 662 1399 661 1399 660 1399 659 1399 643 1404 630 1398 629 1398 628 1398 626 1398 600 1401 595 1398 592 1396 591 1396 590 1396 589 1396 588 1396 582 1398 564 1405 534 1400 533 1400 507 1405 496 1399 492 1396 491 1396 490 1396 489 1396 473 1399 434 1405 415 1399 411 1398 410 1398 409 1398 408 1398 405 1399 397 1402 393 1399 389 1396 388 1396 387 1396 386 1396 343 1400 274 1405 228 1401 228 1435"/></Shape>
	    <String CONTENT="putata ſunt. Ideo nihil agunt peccatores ſeſe"
                    HPOS="228.0"
                    VPOS="1396.0"
                    WIDTH="748.0"
                    HEIGHT="62.0"
                    WC="0.9980386071734958"></String>
          </TextLine>
          <TextLine ID="line_28"
                    TAGREFS="LT8"
                    BASELINE="226 1485 794 1486 970 1482" 
                    HPOS="225.0"
                    VPOS="1444.0"
                    WIDTH="745.0"
                    HEIGHT="62.0">
            <Shape><Polygon POINTS="226 1485 227 1506 252 1497 324 1504 325 1504 430 1497 440 1504 442 1506 443 1506 444 1506 445 1506 506 1504 507 1504 510 1503 529 1497 559 1502 580 1506 580 1506 623 1506 623 1506 624 1506 625 1506 632 1501 636 1498 645 1501 659 1506 660 1506 661 1506 732 1505 733 1505 749 1500 751 1499 752 1500 760 1506 761 1506 762 1506 763 1506 845 1501 904 1506 905 1506 906 1506 907 1506 919 1497 920 1497 969 1497 970 1482 968 1444 921 1444 920 1444 919 1444 918 1444 907 1450 897 1445 896 1444 895 1444 894 1444 886 1445 862 1449 844 1446 834 1444 833 1444 832 1444 824 1446 786 1456 624 1456 604 1450 600 1449 599 1449 598 1449 580 1450 519 1455 508 1452 493 1445 492 1445 491 1445 490 1445 468 1451 423 1444 422 1444 422 1444 403 1453 385 1444 384 1444 302 1444 301 1444 225 1455 226 1485"/></Shape>
	    <String CONTENT="conſolãdo diutina mora, quia quòd Chriſtu"
                    HPOS="225.0"
                    VPOS="1444.0"
                    WIDTH="745.0"
                    HEIGHT="62.0"
                    WC="0.9859454978344052"></String>
          </TextLine>
        </TextBlock>
        <TextBlock HPOS="282"
                   VPOS="1058"
                   WIDTH="574"
                   HEIGHT="52"
                   ID="block_2"
                   TAGREFS="BT1852">
          <Shape><Polygon POINTS="856 1058 856 1110 282 1110 282 1058"/></Shape>
          <TextLine ID="line_29"
                    TAGREFS="LT8"
                    BASELINE="286 1093 586 1090 840 1095" 
                    HPOS="284"
                    VPOS="1058"
                    WIDTH="555"
                    HEIGHT="51">
            <Shape><Polygon POINTS="285 1091 284 1105 836 1109 839 1094 838 1061 285 1058 285 1091"/></Shape>
	    <String CONTENT="15 Quem temporibus ſuis, &amp;c."
                    HPOS="284"
                    VPOS="1058"
                    WIDTH="555"
                    HEIGHT="51"
                    WC="0.9992724422897611"></String>
          </TextLine>
        </TextBlock>
        <TextBlock HPOS="218"
                   VPOS="1103"
                   WIDTH="776"
                   HEIGHT="453"
                   ID="block_5"
                   TAGREFS="BT1851">
          <Shape><Polygon POINTS="994 1103 994 1556 218 1556 218 1103"/></Shape>
          <TextLine ID="line_30"
                    TAGREFS="LT8"
                    BASELINE="223 1533 813 1536 974 1529" 
                    HPOS="220"
                    VPOS="1492"
                    WIDTH="753"
                    HEIGHT="81">
            <Shape><Polygon POINTS="222 1532 220 1561 251 1573 306 1573 322 1561 581 1571 620 1561 634 1573 692 1573 745 1561 785 1571 818 1561 873 1571 972 1559 973 1527 970 1492 910 1492 902 1499 885 1492 876 1492 866 1501 829 1492 767 1502 742 1492 723 1502 702 1495 686 1504 531 1504 511 1492 450 1502 440 1492 409 1492 393 1504 309 1504 297 1492 226 1492 222 1496 222 1532"/></Shape>
	    <String CONTENT="iudex nondum venit, non probat illum nun¬"
                    HPOS="220"
                    VPOS="1492"
                    WIDTH="753"
                    HEIGHT="81"></String>
          </TextLine>
        </TextBlock>
        <TextBlock HPOS="896"
                   VPOS="1548"
                   WIDTH="100"
                   HEIGHT="57"
                   ID="block_1"
                   TAGREFS="BT17">
          <Shape><Polygon POINTS="996 1548 996 1605 896 1605 896 1548"/></Shape>
          <TextLine ID="line_31"
                    TAGREFS="LT8"
                    BASELINE="897 1581 986 1580" 
                    HPOS="897.0"
                    VPOS="1545.0"
                    WIDTH="89.0"
                    HEIGHT="70.0">
            <Shape><Polygon POINTS="897 1581 897 1615 935 1615 935 1614 936 1614 950 1607 959 1602 986 1601 986 1580 984 1545 955 1545 954 1545 953 1545 944 1549 935 1553 930 1551 922 1547 921 1547 920 1547 919 1547 897 1554 897 1581"/></Shape>
	    <String CONTENT="quam"
                    HPOS="897.0"
                    VPOS="1545.0"
                    WIDTH="89.0"
                    HEIGHT="70.0"
                    WC="0.9982137829065323"></String>
          </TextLine>
        </TextBlock>
      </PrintSpace>
    </Page>
  </Layout>
</alto>
