1090 1745
130 77 641 46 IN I. EPIST. AD TIMOTH.

828 85 36 50 113

69 129 798 58 linguis nouis loquebantur, alióſq. motus no

74 173 794 61 uos in auditorib.edebat S.ſanctus, & indubiè

75.0 224.0 791.0 59.0 ſiidem ſymbolum ritè adminiſtraretur ad¬

74.0 273.0 792.0 60.0 huc hodie in electionibus non minus quàm

73.0 321.0 795.0 61.0 olim eſſet efficax, ſi maximè externa & inſo¬

71.0 371.0 796.0 60.0 lita ratione ſeſe non exereret Spiritus S. Lo¬

77.0 423.0 791.0 60.0 cus eſt de vocatione quoque ordinaria, de

91 468 278 64 qua vide locos.

138 533 551 48 15 Hæc exerce, in his eſto, &c.

141 577 727 61 Illatio ſequ itur poſt longam donorum

80 631 787 53 comme morationem: & ταῦτα, refero ad om¬

80 680 786 55 nes dotes enumeratas, q.d.in his omnibus

83 723 787 57 tibi elaborandum eſt: & μελέτη eſt ſtudium

79 774 788 59 ardens aliquid reddendi auctius, id em repe¬

74 826 794 53 tit immoratione, IN HIS ESTO, hoc eſt, hæc

70 872 796 60 tua ſit praxis, illa tua occupatio, cura & ſoli¬

69 920 798 58 citudo. Addit præcepto argumentum à cau¬

67 972 800 58 ſafinali, VT PROFECTVS TVVS CONSPI¬

68 1018 797 62 CVVS SIT OMNIBVS: duplex eſt ſenſus argu¬

66 1070 799 60 menti. Primùm ſi neutraliter accipiamus é¬

66 1119 797 56 πᾶσιν, ſenſus erit, in omnibus iam comme¬

68 1167 802 59 moratis virtutibus illuſtris & notorius debet

71 1214 796 59 tuus eſſe profectus. Deinde ſi ad auditores re

69 1268 796 57 feras ἐν πᾶσιν, hoc eſt, apud omnes, coram om

66 1315 795 57 nibus hominibus notoria debet eſſe tua vir¬

61 1362 804 60 tus, quæ laus admodũ præclara eſt, ſi miniſter

61 1413 803 58 ſic vixerit, & à virtutibus omnibus ſit notus.

127 1461 628 63 16 Attende tibi ipſi & doctrinæ.

129 1515 734 84 Quarto loco appẽdicẽ addit duplici argu¬

688 1577 36 60 H
