1089 1753
222 69 40 47 78

403 60 451 53 COMMENTARII

212 119 793 55 omnis Eccleſiæ Chriſti miniſter gubernatio¬

211 167 791 56 nis formulã non niſi hinc debet petere. Pe¬

211 215 787 58 tantur hinc argumenta ſuaſoria ad diligen¬

208 266 795 60 tiam: primùm, quia verſantur in domo Dei,

207 313 786 59 hoc eſt, ſunt œconomi in Eccleſia Dei. Quan¬

209 359 777 64 tò qui præeſt domui præſtãtiori, tantò vi¬

209 409 779 61 gilantior debet eſſe in officio: ſed hi ſunt in

211 459 781 60 præſtãtiſsima, vtpote Dei domo œconomi,

209 510 788 57 Ergo, &c. Domus Dei dicitur, quia continet

206 555 790 61 domeſticos Dei, hoc eſt, electos & pios, qui

210 607 784 57 profitentur veram doctrinam. Hos omnes

205 655 788 61 cõplectitur vniuerſalis Eccleſia, cuius particu

204 705 787 60 læ ſunt priuatæ Eccleſiæ, vt ſingulares cœ¬

204 755 784 59 tus. Et qua ratione Eccleſia dicitur domus

204 802 785 57 Dei, eadẽ miniſtri dicũtur œconomi Dei. Ita¬

204 854 783 61 que vt œconomus in familia præcipuos fert

202 901 782 57 labores, primus ſurgit, vltimus cõfert ſe cubi¬

202 951 781 56 tũ: primus eſt in laboribus, vltimus inde rece¬

203 1002 783 57 dit: ſic miniſtri in Eccleſia præcipuũ ferũt o¬

210 1044 773 70 lus,quare inſtructione imprimis opus habẽt.

228 1113 758 43 Alterum argumẽtum eſt, quia domus hæc

201 1144 784 62 eſt Dei viuentis, quaſi dicat, non ſtupidi aut

199 1191 778 65 ſtulti domini familia eſt, ſed Dei viuentis,

197 1241 782 64 hoc eſt, omnia ſcientis, omnia coram inſpi¬

196 1291 782 63 cientis, quem nihil latet vſpiam, vigilandum

195 1341 777 62 igitur. Nam œconomi ſæpe ludunt impunè,

196 1390 776 60 & ſecuriter ſtertunt heris improuidis, aut

194 1440 780 57 non ſatis callidis & attentis ad rem, ſecus

195 1484 777 72 hîc ratio ſe habet. Deus viuens huic familiæ

843 1540 130 71 præeſt,
