1098 1755
114 83 648 51 IN I. EPIST. AD TIMOTH.

832.0 98.0 21.0 48.0 5

55.0 137.0 808.0 58.0 Mortuus eſt autem pro omnibus, vt hîc lo¬

63.0 184.0 801.0 61.0 quitur Apoſtolus, nec impedit hoc quòd

57.0 234.0 805.0 59.0 non omnes mortis beneficium amplectun¬

55.0 281.0 809.0 62.0 tur. Quia ſuo malo & vitio naturæ ſuæ ob¬

53.0 330.0 812.0 63.0 latam gratiam aſpernantur, non aliqua Dei

52.0 385.0 809.0 58.0 culpa. It aque nec nos pigeat pro omnibus o¬

55.0 431.0 808.0 60.0 rare etiam pro perditiſsimis nebulonibus, &

67.0 480.0 795.0 62.0 tyrannis, quanuis nihilo reddantur meliores

74.0 534.0 303.0 53.0 1e ue noſtris.

118.0 583.0 398.0 61.0 Temporibus proprijs.

128.0 631.0 734.0 66.0 Accipio defignata tempora, quando ſcili

75.0 684.0 786.0 58.0 cet Chriſtus naſci, pati pro nobis, & prædi¬

75.0 735.0 787.0 60.0 cari in toto orbe debuit: ſic loquitur ad Tit.

71.0 811.0 143.0 26.0 Leverte¬

121 842 659 58 7 In quod ego conſtitutus ſum &c.

135.0 885.0 726.0 60.0 Digreſsiunculam continuat etiam ſui

61.0 938.0 800.0 55.0 muneris annexa mentione. Sumatur hinc o¬

65.0 990.0 795.0 55.0 ctaua ratio, Cur pro impiis Ethnicis ſit oran¬

64.0 1033.0 794.0 60.0 dum. Ratio eſt, quia Deus illi ſingularem A¬

67 1088 790 57 poſtolum conſtituit, per quem conuerteren¬

65.0 1135.0 793.0 60.0 tur:ergo digni ſunt pro quibus oretur. Item

64.0 1185.0 791.0 58.0 dignos iudicat Apoſtolatu peculiari: & Apo¬

60.0 1233.0 797.0 59.0 ſtolus Paulus dignos iudicat pro quibus tot

52.0 1283.0 803.0 60.0 obeat labores:ergo nos dignos iudicemus no

48.0 1352.0 274.0 41.0 ſtris precibus.

112 1389 583 58 8 Volo igitur viro orare, &c.

156.0 1432.0 701.0 64.0 Redit ad inſtitutum, ac infert πρòς τὴν

56.0 1483.0 798.0 60.0 θέσιν rationes ſuas. Eſt quinta orationis cir¬

56.0 1535.0 799.0 69.0 cunſtantia, à quibus orandum ſit. A viris

615.0 1580.0 94.0 68.0 D 2
