1062 1751
414 36 382 59 COMMENTARII

201.0 56.0 65.0 45.0 120

200 89 788 67 igitur hîc ſpecialis conſtituatur, Miniſtro di¬

199.0 142.0 789.0 64.0 ligenter curandum eſt vt viduæ de publico

198.0 190.0 789.0 62.0 alendæ, aut miniſterio Eccleſiaſtico depu¬

197.0 241.0 787.0 62.0 tandæ, idoneæ ſolùm aſſumantur. Quod vt

196.0 290.0 786.0 64.0 rectè intelligamus ſic accipi debet. Habebat

199.0 345.0 772.0 57.0 vetus Eccleſia imprimis pauperum rationẽ,

198.0 392.0 769.0 61.0 quibus cõnumerabat orphanos, viduas, exu

199.0 439.0 780.0 62.0 les, peregrinos, valetudinarios, &c. In quibus

197.0 488.0 786.0 59.0 curandis vtebatur miniſterio quoque vidua¬

198.0 536.0 783.0 63.0 rũ: nã inulta rectiùs per viduas adminiſtran¬

198.0 587.0 786.0 59.0 tur quàm per viros, vt adeſſe ægris puellis,

199.0 637.0 786.0 58.0 matronis, puerperis, infantibus, pueris, & c. I¬

198.0 684.0 784.0 56.0 deo vt vitaretur paſsim ois ſcandali occaſio,

198.0 731.0 788.0 60.0 præfecit talibus viduas quæ de publico ſimul

196.0 783.0 789.0 58.0 alerentur: vnde poſtea illis inhæſit nomen

199.0 831.0 786.0 61.0 vt dicerentur diaconiſſæ, in noſtris regioni¬

196.0 880.0 784.0 64.0 bus vmbra illius rei fuit in collegiis pægina¬

195.0 932.0 778.0 61.0 rum, die Bteginen huſer, in quibus tales aleban

194.0 979.0 788.0 63.0 tur viduæ, quæ ægris adeſſent ſi res po¬

203 1025 115 63 ſceret.

257 1075 726 60 VIDVAS, inquit, HONORA: viduam à vi¬

193 1122 791 64 duitate appellamus, hoc eſt, ſolitudine, ſic

193 1172 793 64 Græci χήραν vocant quaſi ἔρημον, deſertam à

192 1220 789 64 viro. χηρόω illis eſt idem quod ἐρημόω, va¬

187.0 1265.0 789.0 68.0 ſto, deſtituo, & recté, quia vidua eſt viduata,

186.0 1317.0 786.0 63.0 hoc eſt, orbata viro: ſic χήρά ἑςτι  μονοθεῖσα ἀπʹ

185.0 1369.0 783.0 61.0 ἀνδρὸς, vel vt Apoſtolus loquitur, μεμονωμένη,

184 1411 777 84 ſolitaria facta, & deſtituta viri patrocinio &

847 1467 125 74 neceſ¬
