1083 1752
131 54 633 52 IN I. EPIST. AD TIMOTH.

818 46 48 64 159

58 104 811 56 requiruntur, vel in genere innocentiam vitæ

65.0 150.0 804.0 62.0 concernunt, quàm ſtudioſiſsimè exprimat.

70 202 797 56 Priorem partem vno commate expreſsit A¬

71.0 248.0 796.0 60.0 poſtolus, hæc fuge, ταῦτα φεῦγε. Ταῦτα accipio

69.0 298.0 796.0 59.0 de auaritia & iplius fructibus, quæ immedia¬

65.0 345.0 801.0 61.0 tè præceſſerunt: deinde ad reliquavita tranſ¬

67.0 395.0 796.0 61.0 fero quæ in hac epiſtola hactenus prohibuit,

72.0 444.0 796.0 62.0 qualis eſt negligentia in docendo, temeritas

71.0 496.0 798.0 60.0 in eligendo, importunitas in corripiẽdo, oſci¬

68.0 545.0 799.0 58.0 tantia in orando. Ταῦτα, HAEC OMNIA

68.0 594.0 797.0 61.0 FVGE, quia res periculoſæ ſunt in miniſterio.

72.0 643.0 797.0 61.0 plúſque nocent quàm proſint & docenti &

74.0 693.0 793.0 60.0 auditoribus: ſed Apoſtolus nouo hîc vtitur

75.0 742.0 792.0 61.0 argumento à perſona ipſius Timothei peti¬

74.0 791.0 795.0 60.0 to. HOMO DEI ES: ergo iſta tibi ſunt fu¬

74.0 841.0 795.0 62.0 gienda. Dicitur homo Dei renatus & qui

73.0 889.0 796.0 65.0 Spiritu Dei regitur, ac viuit ad voluntatem

77 937 89 70 Dei.

111.0 985.0 760.0 67.0 Videant igitur miniſtri vt ſint homines

72.0 1039.0 796.0 64.0 Dei ex vita & propriis moribus, ne ſint ho¬

74 1093 254 57 mines Satanæ

120.0 1138.0 754.0 64.0 Alteram partem, ſeu ἀντιπρότασιν copiosè

78.0 1187.0 795.0 65.0 perſequitur, quia ſub finem epiſtolæ omnes

78.0 1238.0 794.0 61.0 animi affectus cupit effundere, ac variis mo¬

79.0 1288.0 794.0 60.0 dis Timotheum ad officium animoſum red¬

75.0 1355.0 487.0 39.0 dere: ex ordine videamus.

117.0 1383.0 758.0 65.0 Primùm proponit illi virtutes perſequen¬

66.0 1432.0 810.0 66.0 das, ex quibus facilè colligi poteſt quid in cõ¬

67.0 1487.0 810.0 72.0 trario membro ταῦτα φεῦγε, comprehenderit.
