1077 1744
126 39 658 51 IN I. EPIST. AD TIMOTH.

831 45 52 55 135.

68 94 806 54 nis integritate agitur, in quibus non eſt opus

59 136 814 64 fimili rigore. Statuamus igitur hanc commu¬

62 183 811 66 nem regulam. In omni iudicio Ecclefiaſtico

65 235 809 61 curandum eſt præſidi vt inquiſitio in peccata

63 286 811 62 mortalium piè & ſanctè fiat. Ratio eſt, quia

61 335 813 58 ſi contra ſeniores fiat inquiſitio, ætatis &

62 383 812 66 grauitatis ratio hoc poſtulat: ſin contra iu¬

63 434 811 58 niores, idem poſtulat fraternitatis ius & re¬

69 482 805 65 gula naturæ, Quod tibi fieri nolis alteri ne

62 533 140 62 feceris.

94 585 776 55 Deinde quia Apoſtolus in tali cenſura iu¬

62 627 811 69 bet adhibere teſtes, eóſque plures ſecundum

66 680 806 59 legem Moſis, duos vel tres, in quorum ore

68 728 318 61 conſiſtat veritas.

117 790 470 57 20 Eos qui peccant, &c.

149 844 720 49 Altera eſt ſpecies peccantium, eorum

58 879 812 68 ſcilicet qui notorii ſunt, nec inquiſitione opus

55 927 817 69 Habent: in his quoque procedendum eſt piè

55 978 815 68 & grauiter, ſed non per teſtes, verùm corre¬

58 1024 812 71 ptione: Ἐλέγχειν eſt peccatorem ſic deſcribe¬

50 1076 819 69 re, vt limitato & agnito peccato certis argu¬

58 1124 812 61 mẽtis ad pœnitentiã ducatur, in peccato ſuo

61 1175 809 60 erubeſcat cognita eius magnitudine & ſpe ve

62 1220 807 73 niæ ad Chriſtũ impellatur. Itaq. nõ loquitur

61 1271 806 71 de cõfuſione publica, quæ nimis eſt immode¬

55 1321 812 71 rata apud quoſdã, qui ſatyricè magis debac¬

49 1369 820 71 chãtur in auditorum peccata, quàm vtiliter.

47 1418 819 70 Addit rationẽ Apoſtolus, VT RELIQVI TI¬

50 1467 820 88 MOREM HABEANT, hoc eſt, iram Domini

622 1527 18 64 I

680 1527 30 87 4
