1073 1734
405.0 57.0 460.0 62.0 COMMENTARII

216.0 75.0 47.0 42.0 24

213.0 116.0 806.0 62.0 inſtructa. Argumentum eſt contra ſeducto¬

212.0 167.0 802.0 61.0 res qui in docenda lege hos fines non obſer¬

211.0 215.0 800.0 59.0 uãt, ideo aberrãt à dilectione, & hĩc toto cælo.

267.0 268.0 569.0 62.0 6 A quibus càm quidam. &c.

287.0 318.0 713.0 62.0 Sexta ratio ab exemplo & experientia.

216.0 367.0 784.0 63.0 Vim habet argumentum à conſequentibus

210.0 420.0 794.0 60.0 & effectis. Aberrant à dilectionis proprieta¬

210.0 470.0 797.0 57.0 tibus, hinc inciderunt in vaniloquentiam:

210.0 516.0 800.0 62.0 ergo illorũ doctrina fugienda eſt, ſed geminũ

208.0 566.0 799.0 63.0 eſt argumẽtũ in verbis ἀστοχεῖν, ſignificat ſco¬

213.0 620.0 795.0 57.0 po ordinario aberrare, cui opponitur εὐτο¬

212.0 666.0 791.0 59.0 χεῖν, bene collimare, ſcopũ probè attingere.

255.0 716.0 751.0 59.0 Scopus doctrinæ eſt ædificatio per dile¬

208.0 765.0 793.0 59.0 ctionem, quo illi aberrant: igitur ſtudiosè ca¬

208.0 814.0 790.0 61.0 uendi ſunt. Alterum ab effectis, MATAEOLO¬

208.0 867.0 792.0 52.0 GI FACTI SVNT, μάταιον vitium eſt in omni

204.0 915.0 794.0 52.0 re culpabile, vanitas, hinc ματαιολογία, ſermo

206.0 962.0 792.0 58.0 nis inanitas, cui nihil veri nec ſolidi ſubeſt.

206.0 1010.0 794.0 59.0 Hanc vanitatem parit is error doctorũ legis:

203.0 1059.0 798.0 60.0 igitur cauenda illorum doctrina. Eſt etiã vis

204.0 1109.0 794.0 58.0 in verbo ἐκτρέπειν, quod ſonat euertere vt igi

202.0 1158.0 797.0 60.0 tur à ſcopo legitimo aberrant, ſic euertuntur

202.0 1207.0 795.0 61.0 à veritate, & excidunt à via regia, incidunt

201.0 1258.0 683.0 56.0 contrà in vanitatem illam culpabilem.

264.0 1314.0 619.0 61.0 7 Volentes eſſe legis doctores, &c.

268.0 1367.0 722.0 54.0 Septimum argumentum, quo vanitati

201.0 1411.0 791.0 58.0 addit ignorantiam craſſam & ſatis impuden

203.0 1462.0 789.0 61.0 tem. Doctores Legis eſſe volunt, quo ſignifi¬

202.0 1514.0 791.0 66.0 cat eos titulum hunc venari paſsim apud

891.0 1565.0 100.0 70.0 fide¬
