1050 1754
138.0 51.0 634.0 54.0 IN I. EPIST. AD TIMOTH.

821.0 57.0 36.0 51.0 11

64.0 99.0 793.0 59.0 manebant, quos vocat Epiſcopos Apoſto¬

65.0 139.0 792.0 68.0 lus, & poſtera ætas. Euangeliſtæ iidem vi¬

65.0 188.0 792.0 68.0 dentur cum doctoribus qui Euangelium

66.0 238.0 789.0 64.0 circunferebant: ſed nos eos vocamus ho¬

70.0 287.0 787.0 65.0 die propriè Euangeliſtas, qui hiſtoriam

71.0 338.0 786.0 61.0 Chriſti viuentis in his terris conſcripſerunt:

73.0 387.0 783.0 63.0 & doctores prius ſcholarum eſt vocabulum:

81.0 435.0 773.0 69.0 miniſter hodie ſolùm Eccleſiæ relictum eſt,

85.0 482.0 467.0 63.0 de quibus alibi dictum eſt.

121.0 541.0 477.0 56.0 Secundum ordinationem.

135.0 591.0 720.0 67.0 Vocationis ſuæ ad Apoſtolatum profert

95.0 642.0 759.0 62.0 autorem Deum Patrem & Filium eius Ie¬

92.0 689.0 763.0 62.0 ſum Chriſtum. Deus Pater vt fons eſt om¬

92.0 741.0 763.0 61.0 nis boni, ex quo manauit æternum Dei con¬

88.0 787.0 768.0 62.0 ſilium de ſaluandis electis. Ideo Pater dici¬

87.0 838.0 769.0 62.0 tur ſaluator, quia per Chriſtum filium ſuum

85.0 887.0 769.0 65.0 redemit mundum : filius autem dicitur ſpes,

88.0 939.0 767.0 60.0 quia hunc vt mediatorem nobis propoſi¬

93.0 989.0 757.0 63.0 tum ſpe amplectimur. Eſt igitur ſpes, in¬

100.0 1037.0 756.0 64.0 dubitata expectatio vitæ æternæ, ex Dei

98.0 1086.0 757.0 67.0 miſericordia, quæ in nos per filium media¬

100.0 1162.0 358.0 31.0 torem tansfunditur.

133.0 1185.0 721.0 57.0 Ἐπιταγὴ, autem dicitur mandatum, in¬

98.0 1231.0 757.0 63.0 ſtructio, ſignificans Apoſtoli doctrinam di¬

96.0 1285.0 759.0 57.0 uinitus eſſe traditam, non natam apud ho¬

90.0 1333.0 765.0 59.0 mines: ideo non poteſt non bona eſſe do¬

87.0 1381.0 768.0 61.0 ctrina quam hîc proferet. Superioris af¬

87.0 1431.0 770.0 56.0 fert mandata, hoc eſt, Dei mittentis & ad

87.0 1480.0 769.0 71.0 hanc doctrinam ligat ſe, & Timotheum:
