1051 1741
113 59 633 54 IN I. EPIST, AD TIMOTH.

802 47 50 66 109

69 104 783 68 tis, qui geſtibus, oratione, habitu, vita, adeó¬

71.0 155.0 780.0 64.0 que verbis ac factis declarari poteſt: is zelus

72.0 204.0 777.0 63.0 quia ſingularis eſt motus ſpiritus Dei agen¬

71.0 254.0 780.0 63.0 tis in hominibus piis, ideo Spiritus dicitur

69.0 300.0 785.0 65.0 ſimpliciter, qualis fuit in Moſe, Helia, Ioan¬

68.0 354.0 787.0 65.0 ne Baptiſta, Stephano, aliíſque, imprimis in

75 406 148 61 filio Dei.

104.0 447.0 753.0 70.0 Quintò, IN FIDE, hoc eſt, profeſsione

82.0 500.0 768.0 64.0 verx doctrinæ, in aſſerenda & propug¬

76.0 553.0 773.0 59.0 nanda veritate, in toleranda cruce pro no¬

77 599 782 63 mine Dei : in his certaminibus præbeat

86.0 651.0 760.0 61.0 eremplum ſuis auditoribus, quantum pre

83.0 698.0 772.0 67.0 Chuſto, & pro veritatis confeſsione facier¬

85 747 126 62 dum ſit.

84.0 796.0 773.0 66.0 Sextò, IN CASTITATE, ſpeciale eſt vi¬

78.0 849.0 781.0 60.0 tium iuuenum ardor venereus: hunc igi¬

77.0 895.0 779.0 65.0 tur in tota vita reprimendum eſſe docet,

75.0 944.0 782.0 65.0 & optandum eſt imprimis adoleſcentiæ,

76.0 993.0 784.0 65.0 vt Deus illorum corpora caſta & impollu¬

74.0 1043.0 786.0 66.0 ta conſeruet, ne ſe ſcortatione fœdent acceſ¬

76 1091 363 66 ſuri munus docendi.

121.0 1152.0 739.0 57.0 13 Donec venero attẽde lectioni, &c.

121.0 1196.0 736.0 64.0 Tranſit ad occupationes literarias & pri¬

82.0 1245.0 782.0 63.0 uatas. Ac commendat illi primùm lectionem

79.0 1294.0 784.0 63.0 domeſticam, hinc commoda eius ſubindicat.

104.0 1344.0 756.0 66.0 Sit igitur ſeptima virtus quæ iuuentu¬

75.0 1389.0 787.0 66.0 tem excuſabit in miniſtro, aſsiduum eſ¬

73.0 1439.0 791.0 66.0 ſe in lectione Scripturæ. De lectione aliâs

80.0 1493.0 783.0 72.0 diimus. Commendatur Pſalmo 1. nam inter
