1086 1752
147 52 629 58 IN I. EPIST. AD TIMOTH.

827 39 52 74 153

113.0 108.0 763.0 56.0 Ἔριν, contentio ex rationum colliſione na¬

75.0 152.0 800.0 66.0 ſcitur, & ferè præcedit inuidiam: nam virtus

80 204 556 59 demum cognita patitur φθόνος.

110.0 253.0 765.0 62.0 Blaſphemia accipiatur vel in viros bonos:

74.0 300.0 800.0 65.0 ſic Athanaſius infinitas calumnias, & maledi¬

74.0 354.0 798.0 60.0 cta ab Arrianis, vel in ipſum Deum; fiunt e¬

74.0 401.0 801.0 63.0 nim ſchiſmatici etiam in Deum tandẽ ma¬

77.0 450.0 781.0 62.0 ledici, & dubitant de eius clementia, præſciẽ¬

76.0 501.0 782.0 61.0 tia, cura pro piis, de Chriſti diuinitate, merito

73.0 547.0 789.0 70.0 ipſius, & ſimilia infinita rapiunt tandem in

76 597 160 62 dubium.

85.0 648.0 790.0 65.0 Suſpiciones malæ ſunt, quibus bonos viros

78.0 699.0 794.0 63.0 immerenter obruere conantur, quod vitium

75.0 746.0 795.0 63.0 hodie multos latet: naſcitur illa ſuſpicio ex

75.0 799.0 786.0 60.0 præiudicio quodam prauo quod malæ men¬

71.0 846.0 799.0 63.0 tes concipiũt de aliis, hinc mox in vnam par¬

65 893 803 63 tem inclinans naſcitur ſuſpicio, quam effun¬

63.0 946.0 806.0 61.0 dunt & ſpargunt in vulgus non cognita ve¬

60.0 994.0 813.0 66.0 ritate. In quo cum ſchiſmaticis multi hodie

73 1048 258 52 communicant.

114.0 1093.0 758.0 61.0 Παραδιατριβαί, & hic fructus eſt ſchiſmati¬

68.0 1144.0 802.0 60.0 corum: nõ quieſcunt ſua ſpargere, ideo exer¬

70.0 1190.0 800.0 65.0 citia adhibent. Διατριβὴ eſt idem quod γuμ¬

72.0 1241.0 797.0 65.0 νασία, éſtque vox media: bonorum enim, &

70.0 1291.0 803.0 60.0 malorum eſt. Malorum hoc loco exercitiorũ

63.0 1340.0 802.0 62.0 habes exemplum:nam παρὰ præpoſitio ſigni¬

56.0 1388.0 813.0 61.0 ficationem primam limitat, malámque facit.

58.0 1440.0 815.0 60.0 Exempla peruerſarũ exercitationum, in ſcho¬

58.0 1486.0 811.0 74.0 laſtica Theologia obuia ſunt, vt apud mona¬
