1065 1745
196.0 67.0 61.0 45.0 110

417 60 390 55 COMMENTARII.

194 120 793 53 beati viri virtutes, ponitur die & noctu me¬

193.0 164.0 794.0 60.0 ditari in lege Domini: & Ioann.5. Chriſtus

193.0 212.0 791.0 60.0 iubet ſcrutari Scripturam. Sic neglectum

192.0 262.0 792.0 60.0 eius taxat Oſeas in populo Dei, cap.4. & alii

193.0 311.0 787.0 62.0 Prophetæ, quoties Iudæis obiiciunt quod

192.0 359.0 776.0 65.0 à Domino Deo ſuoreceſſerint, verbum illius

200 411 233 60 neglexerint.

248.0 455.0 732.0 62.0 Porrè ſimul hîc promittit aduentum ſu¬

190.0 505.0 791.0 63.0 um, ex qua ſpe tamen videtur poſtea exci¬

189.0 555.0 793.0 61.0 diſſe, nam Epheſinos ſeniores Miletum euo¬

187.0 606.0 794.0 60.0 cauit præternauigans Epheſum. Et notanda

185.0 655.0 794.0 61.0 eſt phraſis, præcipi lectionem donec venerit,

184.0 704.0 793.0 59.0 hoc eſt, ſemper: non enim voluit hancne¬

191.0 754.0 786.0 61.0 gligi poſtquam ad eum veniſſet, ſed inten¬

184.0 803.0 791.0 60.0 tiſsimè nunc hac occupari ad aduentum de

184.0 853.0 788.0 56.0 aliis etiam eum moniturus. Facit contra er¬

182.0 900.0 790.0 62.0 rorem Heluidii, qui malè interpretabatur

181 946 446 61 Hanc partieulam Donec.

229.0 1001.0 745.0 56.0 Octauò, INTENDE ETIAM EXHORTA¬

189.0 1047.0 786.0 61.0 TIONI, VEL CONSOLATIONI: pigri indigẽt

183.0 1097.0 792.0 58.0 ſtimulo, hi igitur excitandi ſunt: languentes

188.0 1145.0 786.0 60.0 verò conſolatione, ne deſperent: rectè cur¬

183.0 1195.0 793.0 61.0 rentes confirmatione, quæ tria omnia παρά¬

177 1237 533 71 κλησις nobis ſignificare poteſt.

183.0 1292.0 785.0 63.0 Nonò, ATTENDE QVOQVE DOCTRINAE,

178.0 1343.0 790.0 59.0 hoc eſt, vt opportunè doceas, ne bonam cau¬

178.0 1393.0 790.0 59.0 ſam malè agendo deperdas: doctrina indi¬

181.0 1443.0 787.0 59.0 gent rudes, vt iuuentus, cui rudimẽta propo¬

178.0 1491.0 794.0 67.0 nuntur pietatis perſpicua breuitate. Deinde

847.0 1542.0 129.0 70.0 adulti
