1020 1763
214 76 44 44 148

398 67 455 52 COMM ENTARII

206.0 125.0 773.0 56.0 dimittere, id non faciunt, cauſam igitur præ¬

205.0 165.0 780.0 66.0 bent nobis ipſos contemnendi. Reſpondet

207 212 777 66 Apoſtolus, non rectè hoc effici: imò ob hoc

207.0 263.0 774.0 68.0 ipſum magis diligendos. Fidelis tibi contigit

209.0 312.0 766.0 65.0 dominus: ergo magis debes illi ſeruire prop¬

209.0 362.0 763.0 64.0 ter communem profeſsionem. Approbatur

208.0 412.0 768.0 64.0 hoc loco manifeſtè ſeruitus. Deinde noncon

210.0 461.0 767.0 64.0 cedendum ſeruis excutere iugum: & im¬

216.0 509.0 762.0 68.0 pium eſſe prætextum qui ex Euangelio pe¬

212.0 558.0 769.0 65.0 titur ad defenſionem ſeditionis. Deinde ſunt

211.0 610.0 766.0 63.0 ἀγαπητοὶ, id eſt, dilectione: ergo non vr

216.0 657.0 764.0 65.0 gendum illis officium ſeruitutis: vel αγαπη¬

216.0 706.0 770.0 62.0 τoὶ ſunt Deo & Chriſto: ideo abs te non ſunt

213.0 756.0 771.0 60.0 contemnendi. Sed malo ad ſeruos referre,

213.0 805.0 769.0 64.0 ſic enim magis illos ſtringit argumentum

214.0 855.0 770.0 64.0 in ſequentibus, qui beneficium recipiant, hoc

214.0 904.0 771.0 64.0 eſt, dominos fideles ob hoc ipſum dignos eſſe

210.0 954.0 773.0 63.0 qui à ſeruis beneficio afficiantur: nam fide¬

216.0 1004.0 771.0 61.0 les humaniùs ſua mancipia tractant, ob quam

217.0 1050.0 769.0 62.0 humanitatem digni ſunt vt ſerui fideliter

218.0 1099.0 767.0 59.0 adminiſtrent. Alii ad Deum iſta referunt.

219.0 1146.0 766.0 66.0 Sequatur quiſque quod ſibi videbitur confor

218 1192 262 64 me eſſe pietati.

282 1253 367 56 Hæc doce & hortare.

245.0 1297.0 730.0 64.0 Cõcluſio eſt loci prioris. Docere eſt ex ſeri¬

221.0 1351.0 750.0 62.0 pturis oſtẽdere credẽda & faciẽda. Nã cauſas

217.0 1401.0 759.0 59.0 reddimus doctrinæ ex ſcriptura. Hortari aũt

220.0 1450.0 760.0 64.0 propoſito cõmodo aut incõmodo ad eadem

218.0 1502.0 763.0 64.0 auditores incitare. Vtrunque faciendum eſt

825.0 1546.0 155.0 70.0 miniſtro:
