1087 1748
123 50 623 57 IN I. EPIST. AD TIMOTH.

804 39 52 68 145

53.0 103.0 804.0 61.0 notanter hîc exprimit Apoſtolus, ἱδίους δεσπό¬

61.0 150.0 794.0 60.0 τας vocando. Dicuntur autem ἴδιοι iure di¬

60.0 197.0 794.0 65.0 uino & humano: Deus enim in populo ſuo

59.0 248.0 795.0 61.0 ſeruitutem approbauit, imò conceſsit etiam

60.0 299.0 794.0 60.0 piis, vt in caſu neceſsitatis libertatem pro¬

57.0 347.0 799.0 61.0 priam vendere poſsint & aſſumere heros ſibi

58.0 397.0 799.0 63.0 quorum imperio regerentur: quanquam ſem

63.0 447.0 791.0 61.0 per velle ſeruum eſſe in ſuo populo Deus i¬

63.0 496.0 794.0 59.0 gnominioſum iudicarit. Deinde iure Gen¬

56.0 542.0 801.0 63.0 tium iuſtum eſt vt hi qui vel bello ſeruati eſ¬

57.0 595.0 799.0 61.0 ſent, vel empti pecunia, vel nati in ſeruitute,

61.0 644.0 796.0 61.0 vel ſuo aliquo vitio libertatem amiſiſſent,

63.0 690.0 794.0 64.0 fideliter ſeruiãt ſuis dominis. Itaque ſeruus

64.0 743.0 793.0 63.0 perfidus & impatiens peccat in rẽ propriam.

62.0 794.0 794.0 59.0 Omni honore dignos iudicare, eſt ſimplici a¬

52.0 840.0 803.0 64.0 nimo piè ſentire de hero ſuo, promptè res i¬

55.0 890.0 801.0 62.0 pſius & commoda procurare, & conſtanter

48.0 938.0 806.0 63.0 illi bene velle: laudantur in ſeruo, candor, a¬

47.0 989.0 807.0 62.0 nimi promptitudo, & voluntatis conſtantia,

49 1038 541 60 &c. Vide locum de ſeruitute.

50.0 1085.0 799.0 64.0 Ratio Propoſitionis, NE NOMEN DEI, ET

48.0 1135.0 807.0 63.0 DOCTRINA BLASPHEMET VR:grauiſsima eſt

50.0 1186.0 804.0 57.0 illa ratio apud pias mentes. Omnes enim ope

54.0 1236.0 802.0 60.0 rã dare debemus, vt nomen Domini per nos

47.0 1283.0 807.0 63.0 fanctificetur, quemadmodum petimus in o¬

43.0 1331.0 814.0 65.0 ratione Dominica. Diſcimus deinde hinc per

33.0 1381.0 824.0 64.0 inobe dientiam ſubditorũ præſertim ſernilẽ

39.0 1430.0 818.0 67.0 impatientiã blaſphemari nomẽ Dei:fic ad to

34.0 1480.0 823.0 72.0 tam vitã argumentũ facit, quæ ſi flagitioſa ſit

655.0 1527.0 47.0 77.0 K
