1080 1743
116 63 632 57 IN I. EPIST. AD TIMOTH

832 79 34 44 77

66.0 121.0 808.0 58.0 plex occupatio: primùm enim de breuitate

67.0 168.0 805.0 58.0 inre tam difficili non immeritò quæri po¬

70.0 217.0 796.0 60.0 terat: deinde quia reſpondet ſe ſcribere bre¬

67.0 271.0 804.0 58.0 uius quia mox ipſe ſit vent urus: iterum quæ¬

65.0 318.0 806.0 58.0 ritur, cur ergo ſcribis cùm ſis ipſe mox ven¬

63.0 372.0 810.0 52.0 turus? & huic reſpondet, hinc petendam eſſe

68.0 414.0 805.0 59.0 guberna tionis Eccleſiaſticæ formulam. Ita¬

76.0 464.0 796.0 60.0 que hîc priori quæſtioni reſpondet de bre¬

79.0 515.0 791.0 61.0 uitate ſcripti, SPERO ME BREVI VENTV¬

81 556 639 67 RVM, ideo breuior ſum in ſcribendo..

125 620 549 56 15 Sin verò tardauero, &c.

117.0 664.0 759.0 65.0 Alteri occupationi occurrit, cur ergo ſcri¬

85.0 715.0 796.0 60.0 bat: reſpondet, ſi non venero, hinc tu ha¬

82.0 765.0 796.0 60.0 bebis formulam gubernationis Eccleſia¬

78 811 106 64 ſticæ.

118.0 857.0 761.0 65.0 Diſce Apoſtolum non ſui fuiſſe iuris, ſed

72.0 911.0 803.0 60.0 ſæpe contra animi conſilium aliò ductum

72.0 961.0 811.0 61.0 Dei conſilio, vt hîc promittit aduẽtum ſuũ,

73.0 1008.0 812.0 64.0 de quo tamẽ dubius eſt. Proponit igitur etiã

70.0 1060.0 808.0 60.0 ſanctus homo, ſed Deus diſponit vt ipſi vide¬

71.0 1106.0 802.0 62.0 bitur. Deinde non abſolutè de futuris homi¬

75.0 1158.0 803.0 58.0 num conſiliis ſtatuendum eſt: ſic Apoſtolus

77.0 1207.0 802.0 58.0 hîc conditionem præ ſeruat, ideo concedit

74.0 1254.0 809.0 61.0 fieri poſſe vt diuinitus impediatur, quod ſuo

71.0 1305.0 809.0 55.0 conſilio nihil derogat. Vtvt cadat, interim

65.0 1353.0 816.0 61.0 epiſtola hæc ſuum habet vſum, ſcilicet, vt

66.0 1403.0 817.0 61.0 hine modum gubernationis Eccleſiaſticæ

71 1452 229 57 depromat.

133.0 1492.0 760.0 77.0 Propoſitio igitur ſit, Timotheus, & ob id
