1058 1750
112 61 642 52 IN I. EPIST. AD TIMOTH.

801 45 49 83 117

67 112 782 63 tituẽda eſt ſpecialiter, ne partes cõfundãtur.

61 158 790 58 Habent tamẽ hîc miniſtri præſertim iunio¬

61 208 790 59 res quod ſequãtur: De moderãda acerbitate

63 258 788 59 inter docẽdũ, ne tragicis clamorib. cathedrã

62 309 789 56 Chriſti onerent potius quàm ornẽt. Seniores

62 356 789 60 verò quibus aliorũ inſpectio & ordinatio eſt

63 408 789 56 cõmiſſa, ne cui manus imponãt, omnes verò

68 456 784 56 vt ſuorũ in alendo curam habeant, ne præter

67 503 786 60 neceſsitatem onerẽt Eccleſiã: ſed de ſingulis

67 549 491 64 audiamus ipſum Apoſtolum.

106 612 740 57 Verſ.I. Seniores ne increpes, ſed, &c.

97 658 751 57 Locus primus eſt de moderatione adhi¬

70 704 778 62 benda in corripiendis peccatoribus. Propoſi¬

68 756 781 59 tio eſt, Timotheo, & ob id omnibus mi¬

64 805 785 62 niſtris, imprimis verò iunioribus opera dan¬

62 857 787 56 da eſt, vt prudenter & cum lenitate quadam

62 905 788 57 pia auditores corripiant. Prudenter id fiet

60 953 788 55 ſi habeatur ratio ætatis &ſexus: leniter autem

58 1002 784 59 ſi modeſtiæ limites non excedat iuuenis mi¬

58 1075 113 37 miter.

99 1097 746 64 SENIOREM, inquit, NE INCREPES DVRI¬

69 1155 779 53 VS, SED HORTARE VT PATREM. Seniorem

62 1199 784 62 accipio ſimpliciter ætate, quanuis Ambroſius

61 1253 785 55 ad officii dignitatem referat: verùm Apo¬

55 1300 789 57 ſtolus reſpicit totum cœtum Eccleſiæ, qui

49 1348 796 56 conſtat peccatoribus ætate & ſexu differenti¬

48 1398 797 57 bus. His omnibus præ eſt Timotheus iuuenis:

45 1448 796 54 hunc igitur primùm cum auditoribus com¬

50 1496 795 64 mittit, deinde cum ætate paribus aut infe¬

628 1543 33 55 H

699 1550 27 64 3
