1098 1753
118 56 649 62 IN I. EPIST. AD TIMOTH.

828 75 46 47 149

59 112 819 62 miniſtro: docendi ſunt ſerui, ne propter fi¬

67.0 156.0 811.0 66.0 dem conditionem ſuam deſerant, ídque ex

68.0 205.0 810.0 68.0 ſemptura: deinde incitãdi ſunt ad obediẽtiam

75.0 259.0 796.0 67.0 propoſito præmio, honeſtate, vtilitate rei, &c

118 317 487 55 3 Siquis aliud docet, &c.

104.0 360.0 773.0 64.0 Secundus locus de cognoſcẽdis & cauẽdis

64 411 813 63 ſchiſmaticis. Locus iam partim tractatus eſt

68.0 457.0 807.0 65.0 ſup.c.1. & ad Rom.16. Phil.3. & 2. ad Tim.3.

68.0 508.0 805.0 64.0 verſ.6.ad Tit.3. In preſentia colligãtur no¬

73 555 715 67 tæ quibus ſchiſmatici cognoſci poſſunt.

107.0 607.0 765.0 64.0 Prima eſt ἔτεροδιδασκαλεῖν: id quid ſit di¬

64.0 658.0 810.0 64.0 ximus ſup.cap.1.ver.3. ἕτερον dicitur quid¬

75.0 707.0 801.0 63.0 quid Sacris literis conforme non eſt, hoc

69.0 754.0 806.0 65.0 eſt, nec τὸ ῥητόν, nec διάνοιαν inde habet.

65.0 804.0 808.0 59.0 Ideo Apoſtolus hoc vitium opponit hîc

59.0 855.0 811.0 59.0 ſanæ doctrinæ Domini noſtri Ieſu Chriſti,

57.0 904.0 815.0 59.0 hoc eſt, veræ interpretationi Propheticæ

55.0 954.0 818.0 62.0 ſcripturæ, à qua quidquid ἕτερον eſt, hoc

55.0 1007.0 819.0 51.0 eſt, alienum reperitur, id totum ſchiſmati¬

55.0 1053.0 816.0 59.0 cum eſt, & ob id cauendum. Porrò ſchiſma¬

57.0 1104.0 814.0 57.0 ticos libenter declarari ſuis opinionibus

57.0 1153.0 810.0 56.0 certum eſt : volunt nouæ ſententiæ vide¬

61.0 1201.0 806.0 59.0 ri repertores, ideo figmentis delectantur,

64.0 1247.0 806.0 63.0 & ſiquid ex officina rationis ſubtile poſsint

62.0 1300.0 808.0 60.0 depromere, vt videre eſt in Eutyche, Arrio,

55 1343 814 69 Neſtorio, aliíſque, & hodie qui veteres hæ¬

58 1395 804 62 reſes renouant hanc ipſam notam manife¬

52 1446 329 64 ſtè in ſe produnt.

118 1493 608 83 4 Inflatus eſt nihil ſciens, &c.

636.0 1551.0 52.0 71.0 K

716 1558 29 69 3
