1083 1759
142 64 632 53 IN I. EPIST. AD TIMOTH.

837 49 33 66 81

74.0 114.0 790.0 61.0 nuntiatus, verè iuſtus, vide Matt.11.Luc.7.

80.0 160.0 275.0 68.0 ver.35. Pſal.51.

118 215 378 66 3 Viſus Angelis.

130 263 738 63 Id quidem verum eſt ſecundum hiſto¬

68.0 315.0 798.0 60.0 riam, nam in natiuitate, ieiunio, paſsione, re¬

67.0 364.0 802.0 58.0 ſurrectione, aſcenſione ſemper adſunt An¬

74.0 412.0 795.0 61.0 geli ſpectatores: ſed mihi videtur de maiore

80 462 790 61 quadam viſione loqui, qua ſcilicet contra An

82.0 512.0 788.0 61.0 gelorum opinionem Chriſtus mirabili ratio¬

76.0 563.0 794.0 59.0 ne duas naturas vniuit in vna perſona: quod

78.0 612.0 790.0 59.0 nec homines, nec Angeli ſatis explicare poſ¬

79.0 661.0 787.0 58.0 ſunt, & ob id ſummo ſtupore viderunt: & vi¬

82.0 708.0 786.0 64.0 derunt id in natiuitate, totóque Chriſti hi¬

73.0 761.0 794.0 57.0 ſtoria, pleniùs tamen in aſcenſione, ſtupen¬

71.0 810.0 797.0 57.0 dum myſterium Chriſtum hominem ad de¬

63.0 858.0 804.0 59.0 xtram Dei Patris aſcẽdere. Hinc Theodore¬

62.0 906.0 806.0 65.0 tus dialogo 2.refert ex Hyppolito veteri &

62.0 954.0 805.0 64.0 Eccleſiaſtico ſcriptore, Angelos in Aſcenſio¬

58.0 1006.0 807.0 62.0 ne Chriſti hoc pronuntiaſſe quod ſcribitur

58.0 1056.0 807.0 62.0 Pſal.24. Aperite principes portas veſtras vt

54.0 1110.0 812.0 53.0 ingrediatur rex ille magnus, &c. quẽ locum

58.0 1154.0 808.0 63.0 ſic etiam interpretatur Iuſtinus Martyr con

60.0 1204.0 803.0 63.0 tra Tryphonem. Hæc myſteria ſunt quæ ri¬

50.0 1253.0 815.0 60.0 dent Prophani & impii homines, ludunt de

45 1300 814 67 Chriſto tanquam homine nudo, & preca¬

48 1351 180 59 rio Deo.

84.0 1393.0 778.0 67.0 Quartò, PRAEDICATVS EST GENTIBVS,

40.0 1447.0 826.0 64.0 ſcil. incredibili ſucceſſu contra ſpem rationis:

40.0 1498.0 826.0 75.0 homines piſcatores demẽtant totũ mundum.

669 1543 41 72 F
