1068 1758
147 68 636 56 IN I. EPIST. AD TIMOTH.

837 60 30 68 91

84 114 785 62 μετάληψις : ergo ab vſu hoc non ſunt exclu¬

84.0 168.0 786.0 59.0 dendi. Μετάληψιν intelligo iudicium de cibis

81.0 219.0 787.0 56.0 noxiis & innoxiis ex creaturis, quaſi dicat, ca¬

75.0 267.0 793.0 60.0 ro, fructus arborum, herbæ, radices, &c. ideo

75.0 318.0 790.0 55.0 cõditæ ſunt vt hinc cibus homini deproma¬

74.0 365.0 792.0 59.0 tur. Peccant igitur qui carnis vſum prohibẽt.

74.0 414.0 791.0 57.0 Iudicium hoc indidit Deus naturæ, vt intel¬

80.0 462.0 786.0 59.0 ligat quid ad cibum vtile ſit: alia enim con¬

84.0 512.0 782.0 59.0 dita ſunt ad medicinam, alia ad artes, alia ad

84.0 562.0 780.0 57.0 veſtitum, a lia ad ornatum, alia ad cibum, &c.

87.0 611.0 778.0 58.0 Et quæ cibi cauſa condita ſunt, non debent

85.0 656.0 780.0 63.0 homini prohiberi. Præterea fideliũ hoc ſcire

85.0 707.0 777.0 61.0 imprimis intereſt. Ideo addit, CVM GRA¬

87 757 772 61 TIARVM ACTIONE FIDELIBVS,

85.0 809.0 770.0 55.0 ET HIS QVI NOVERVNT VERI¬

85.0 854.0 775.0 61.0 TATEM, q. d. impiis omnia immunda eſſe,

75.0 903.0 782.0 57.0 mundis contrà omnia eſſe munda. Et Eu¬

76.0 951.0 783.0 64.0 chariſtiam accipio hîc pro precibus quæ ſo¬

72.0 1003.0 788.0 66.0 lent recitari à ſumpturis cibos, ante cibos &

86 1048 626 71 poſt cibos, quod propriè faciunt pii.

125 1117 685 55 4 Quia omnis creatura Dei bona, &c

141.0 1159.0 718.0 58.0 A toto ad ſpeciem totius argumentatur.

78.0 1211.0 782.0 54.0 Omnis creatura eſt bona, ergo caro quoq. bo¬

70.0 1261.0 789.0 53.0 na edenti. Καλὸν accipio pro νόμιμον, h.e. con¬

69.0 1309.0 791.0 56.0 ceſſum & legitimũ diuina authoritate. Huic

67.0 1357.0 793.0 56.0 opponit ἀπόβλητον, i. iudicio hominũ repro¬

67.0 1402.0 793.0 61.0 batũ. Habes ex antitheſi illuſtre argumentũ.

71.0 1458.0 787.0 54.0 Cibi piis conceſsi ſunt diuina authoritate.

75.0 1504.0 784.0 71.0 Hinc καλὸν dicitur: prohiberi autem hominũ
