1050 1756
133.0 52.0 625.0 63.0 IN I. EPIST. AD TIMOTH.

823.0 62.0 36.0 47.0 13

65.0 110.0 799.0 56.0 gubernatur, vt piorum parentum vota in

61.0 157.0 803.0 65.0 impoſitione nominum dirigat ad felicem

62.0 211.0 193.0 53.0 euentum.

104.0 255.0 757.0 60.0 Germanum autem vocat, hoc eſt, ἄδολον,

64.0 301.0 800.0 58.0 minimè fucatum, ſimpliciter pium & verè

68.0 351.0 795.0 63.0 Chriſtianum, qui nihil aliud ſpectet quàm

72.0 400.0 790.0 68.0 curſum Chriſti. Magna eſt laus per ſe in in¬

73.0 462.0 151.0 57.0 tegritate.

108.0 499.0 753.0 64.0 Filius dicitur in religione, item affectu:

87.0 551.0 776.0 61.0 quia enim opera Pauli fuit rectè inſtitutus

89.0 600.0 767.0 62.0 in cauſa fidei, præſtitit ei id quod pii paren¬

88.0 650.0 772.0 60.0 tes ſuis liberis imprimis ſolent præſtare, hoc

88.0 697.0 772.0 61.0 eſt, piam educationem & inſtitutionem. Ideo

90.0 745.0 769.0 67.0 pater illi fuit, quo ſenſu præceptores diſcipu¬

84.0 799.0 778.0 61.0 lorum parentes dici poſſunt: deinde quia non

80.0 846.0 779.0 65.0 minori affectu illum proſequutus eſt, & con¬

79.0 892.0 779.0 71.0 trà ipſe filioli animo coluit Apoſtolum. Phi¬

83.0 947.0 776.0 63.0 lipp.2. velut cum patre filius mecum ſeruiuit

87.0 991.0 769.0 68.0 in Euangelio. Inde ibidem dicitur ἰσόψυχος,

88.0 1045.0 772.0 72.0 hoc eſt, pari in me affectu, quo ego in illum

87.0 1103.0 227.0 64.0 praeditus ſum.

132.0 1172.0 181.0 44.0 ln fide.

126.0 1196.0 733.0 69.0 Particula diſtinguit inter filios: alii enim

88.0 1248.0 770.0 65.0 ſunt naturales, ſic Eunicæ propriè fuit filius,

84.0 1297.0 777.0 65.0 & cuiuſdam viri Græci qui ordinarius fuit

80.0 1345.0 778.0 67.0 Eunicæ maritus. alii inſtitutione patres ſunt,

76.0 1399.0 781.0 65.0 animo & ſtudio iuuandi:ſic præceptores, tu¬

78.0 1443.0 781.0 68.0 tores, omnéſque benefactores parẽtum ſunt

80.0 1494.0 775.0 79.0 loco. Sic Paulus in fidei cauſa pater eius fuit.
