1079 1771
214.0 60.0 47.0 48.0 72

391 56 451 56 COMMENTARII

252.0 111.0 754.0 57.0 4. NON LVCRI CVPIDOIS, quæ

199.0 150.0 806.0 70.0 ratio valuit ſuprà, hîc etiam repetatur, lu¬

197.0 201.0 810.0 65.0 crum turpe eſt in diacono, ſi ad munera re¬

198.0 249.0 806.0 69.0 ſpiciat & compotatoribus pareat, aliis ini¬

199.0 304.0 803.0 64.0 quior: turpe eſt vel ex re per ſe turpi, vt Veſ¬

200 348 791 69 paſianus ex lotio colligebat vectigal, dicens,

198.0 396.0 795.0 68.0 Bonus odor lucri ex re qualibet. Sic hodie Ro

198.0 446.0 801.0 69.0 mæ ingẽs lucrum colligitur ex publicis pro¬

194.0 494.0 807.0 70.0 ſtibulis, lucrũ turpe eſt. Deinde per accidens

193 541 760 72 fit turpe, vt ſi miniſter mercaturã exerceat

257.0 598.0 515.0 65.0 9 Tenentes myſterium, &c.

313.0 650.0 683.0 69.0 Vitiis opponit virtutes in diacono ne¬

193.0 696.0 801.0 68.0 ceſſarias. Prima eſt, MYSTERIVM FI¬

190.0 744.0 805.0 65.0 DEI, hoc eſt, ſanæ doctrinæ formulam &

190.0 793.0 799.0 69.0 regulam nouiſſe, illud eſt ἔχεη μυςτήριον, te¬

190.0 847.0 799.0 68.0 nere, nouiſſe poſsidentis eſt. Doctrina ſana

188.0 896.0 802.0 70.0 rectè myſterium dicitur, quia res eſt mundo

186.0 950.0 802.0 63.0 incognita & diuinitus patefacta. Deinde quia

187.0 994.0 803.0 69.0 ab impiis non agnoſcitur, nec etiam ſine pœ¬

185.0 1042.0 806.0 67.0 nitentia admittuntur. Præterea propter ra¬

185.0 1089.0 805.0 67.0 tionem Sacramentorum: hinc in commu¬

180.0 1136.0 810.0 71.0 nione dicebatur, catechumeni exeunto. De¬

178.0 1184.0 812.0 71.0 bet igitur diaconus fundamenta doctrinæ &

177.0 1233.0 807.0 74.0 formã eius nouiſſe. Deinde cognitioni addit

178.0 1282.0 805.0 75.0 puram conſcientiam, quaſi dicat, non ſolùm

178.0 1332.0 803.0 72.0 peritus in religione debet eſſe, ſed caſtis mo¬

173.0 1381.0 806.0 71.0 ribus, ne polluat conſcientiã ſuam: conſcien¬

175.0 1430.0 809.0 69.0 tia ſe habet vt nuda tabella, bona autem vel

171 1481 807 89 mala fit ſtudio ac vitæ qualitate. Virtutum

850.0 1542.0 132.0 64.0 ſtudio
