1084 1765
227.0 76.0 36.0 42.0 32

401.0 60.0 453.0 50.0 COMMENTARII

216.0 115.0 800.0 55.0 ignorantia non craſſa & affectata, & zelo Le¬

223.0 166.0 794.0 60.0 gis patriæ excitata: leuius tamen peccat qui

221.0 215.0 793.0 57.0 per ignorantiam labitur: attamẽ & is fatetur

219.0 260.0 795.0 59.0 peccatum ſuum, ideo ne his quidem aliud

216.0 310.0 788.0 57.0 ſubuenire poteſt, quàm nuda Dei miſeratio.

218.0 359.0 785.0 54.0 In Iudæis cum ignorantia coniunctum fuit

214.0 407.0 788.0 57.0 odium bonæ cauſæ, ideo nec oblatam gratiã

214.0 455.0 793.0 61.0 admiſerunt. Obſeruetur hîc diſcrimen pec¬

214.0 508.0 795.0 61.0 cantium:alia nuda ignorantia, alii etiam odio

219.0 564.0 161.0 63.0 peccant.

265.0 619.0 705.0 69.0 14 Superabundauit autem gratia, &c.

310.0 680.0 697.0 59.0 Iterum peccatis ſuis opponit, non ali¬

214.0 729.0 792.0 59.0 quod meritum, ſed nudam Dei miſericordiã,

215.0 781.0 789.0 55.0 vt doceat quæ eſſet vera cauſa remiſsionis

212.0 827.0 789.0 63.0 peccatorum. Obſerua hîc antitheſin pecca¬

209.0 880.0 790.0 58.0 torum & gratiæ: quanquam illa grauiſsima

208.0 927.0 789.0 62.0 ſint, tamen gratia longè maior eſt, quod ele¬

209.0 981.0 793.0 56.0 ganter exprimit verbum ὐπερεπλεόνασε, quaſi

206.0 1026.0 793.0 58.0 dicat, infinitis modis maior eſt gratia, poten¬

206.0 1074.0 795.0 61.0 tior, amplior, validior: adeò vt maximo pec¬

206.0 1123.0 793.0 60.0 cato longè maior fit. Fit autem in regenera¬

204.0 1171.0 793.0 62.0 tione, quando corda ſanctorum illuſtrantur

216.0 1220.0 701.0 68.0 S.Sancto vrgente ipſos fide & dilectione.

265.0 1282.0 418.0 72.0 15 Fidus eſt ſermo, &c.

312.0 1339.0 672.0 63.0 Regulam generalem tradit de remiſ¬

195.0 1395.0 787.0 55.0 ſione peccatorum, ac proponit in ea veram

195.0 1440.0 791.0 58.0 cauſam efficientem, ſcilicet Chriſtum. Ac

193.0 1489.0 793.0 80.0 membra illius duo ſunt: remedium & eius

895.0 1546.0 95.0 64.0 laus,
