1078 1751
144 52 646 51 IN I. EPIST. AD TIMOTH.

823 37 60 73 103

70.0 106.0 816.0 57.0 dum veri cultores duriter tractantur in hoc

71.0 153.0 814.0 61.0 mundo, quod ſignificat voce κοπιῶμεν. Dein¬

76.0 205.0 808.0 57.0 de ignominiosè quoque tractantur, quod ex¬

79.0 256.0 802.0 58.0 primit vox ὀνειδιζόμεθα. Inde κόπος & ὄνειδος

84 299 213 62 notæ voces

89.0 348.0 794.0 65.0 Quomodo Apoſtolus Paulus laborẽ & igno

74 401 808 59 mimã ſubiuerit, ꝓ vera pietate, vide 2.Cor.11.

80.0 449.0 805.0 58.0 &1Cor.4. ait, Perſecutionẽ patimur & ſuſti¬

78.0 497.0 805.0 62.0 nemus. Rom.8. Quis nos ſeparabit ab amore

76.0 547.0 805.0 60.0 Dei? num perſecutio, &c. Gal.5.Si adhuc cir¬

76.0 598.0 805.0 59.0 cunciſionem doceo quid perſecutionem pa¬

80.0 644.0 803.0 62.0 tior? & de Moſe ſcribit epiſtola ad Hebr.11.

83.0 696.0 801.0 60.0 quòd maluerit cum populo Dei ignominia

79.0 748.0 803.0 64.0 affici, quàm gloriose viuere apud Aegyptios:

87 796 452 64 contrà faciunt hypocritæ.

117.0 846.0 766.0 62.0 Deinde diſtinguütur etiã cauſa crucis, quia

77.0 891.0 807.0 63.0 Paulus & ſimiles affliguntur propter confeſ¬

75.0 938.0 810.0 72.0 ſionem fidei in Deum viuentem, h.e. de Deo

73.0 989.0 810.0 69.0 ſentiunt & credunt quæ filius Dei iuſsit nos

74.0 1039.0 804.0 70.0 credere. Hanc doctrinami deformant hypo¬

75.0 1111.0 717.0 39.0 critæ in ritus & ceremnomias bona parte.

119.0 1132.0 763.0 68.0 Tertiò, differunt etiam euentu, quia pii læ¬

79.0 1184.0 806.0 65.0 to rerum fine ſperata bona obtinent: contrà

82.0 1233.0 802.0 68.0 hypocritæ ſpem irritam fouent, & ob id mi¬

78 1286 244 59 ſerè pereunt.

116.0 1329.0 765.0 67.0 DEVS DICITVR SERVATOR OMNIVM,

71.0 1378.0 814.0 69.0 h.e. benefactor, vt Matth.5. Qui ſinit oriri So¬

71.0 1428.0 812.0 68.0 lem ſuper bonos & malos, id eſt, communiter

73.0 1478.0 810.0 68.0 bonis & malis contulit & proſpicit. IMPRI¬

75.0 1534.0 808.0 70.0 MIS AVTEM FIDELIVM, hoc

610 1589 96 83 G 4
